3008 5070
168 487 219 562 26
516 479 606 543 COD.
632 478 925 544 Tllllllll'lslNUll

97 687 149 743 ,ω
247 647 379 724 Notum
408 647 448 719 tit
476 647 637 719 omnibus
665 642 798 719 Christi
825 645 984 718 fidelibus
1014 648 1109 742 quod
1135 648 1302 725 marchio

167 757 361 856 Liupoldus
388 756 547 855 presente
565 754 705 850 ilgnete
724 752 965 828 marchionissa
979 767 1013 829 et
1032 755 1173 830 domino
1188 758 1302 832 Hart-

165 878 269 941 mar’m
285 864 456 964 preposito
476 876 512 936 et
526 864 660 936 duolrus
675 862 865 961 capellanis
876 862 1051 937 Luitsrido
1066 877 1102 938 ct
1117 865 1300 940 Rudbeuo

166 974 334 1048 Schelme
356 998 418 1070 pro
439 973 546 1046 multo
566 982 602 1044 et
619 980 720 1068 grato
740 969 878 1045 seruitio
898 996 966 1067 quo
987 973 1019 1046 ei
1038 973 1214 1047 seruierat
1234 973 1301 1048 nl-

164 1084 286 1158 hertus
300 1085 343 1156 de
361 1079 527 1155 Nuzdors
540 1078 748 1178 potestatiua
767 1105 869 1153 manu
889 1078 995 1176 ipsius
1009 1082 1147 1155 Alberti
1166 1095 1298 1181 rogatu

165 1192 312 1266 tradidit
331 1190 420 1264 filios
433 1190 507 1263 eius
528 1189 697 1263 Ottonem
717 1200 752 1261 et
765 1188 949 1261 Albertnm
964 1214 1043 1263 cum
1058 1189 1181 1289 predio
1201 1192 1298 1287 quod

164 1301 242 1396 ipse
261 1298 418 1374 marchio
438 1297 634 1398 polsederat
649 1295 685 1368 in
704 1296 827 1369 codem
849 1298 1071 1392 locorogans
1085 1300 1296 1398 prepositum

163 1409 414 1482 Hartmannum
444 1408 584 1480 eosdem
602 1405 732 1503 pueros
746 1405 871 1478 eodem
892 1406 1012 1501 predio
1031 1407 1296 1483 inbeneficiare.

163 1518 289 1591 iubens
302 1542 381 1591 eum
396 1513 642 1589 minationibus
655 1522 693 1586 ut
708 1514 880 1608 equaliter
895 1515 1065 1589 intereos
1075 1516 1296 1591 diuideretur

162 1637 200 1701 ct
217 1626 285 1700 hoc
305 1651 346 1700 ea
357 1624 556 1700 conditione
572 1633 610 1697 ut
629 1620 758 1694 titilius
768 1621 916 1695 habituri
936 1634 1057 1697 essent
1072 1649 1151 1698 curn
1167 1624 1295 1699 eodem

161 1733 285 1833 predio
299 1745 468 1833 perpetuo
484 1733 559 1804 iure
582 1729 733 1804 ecclesie
753 1727 1023 1829 Niumburgenli
1041 1733 1222 1807 seruirent.
1252 1734 1296 1807 Si

161 1867 248 1918 uero
266 1842 347 1916 liliis
358 1850 521 1917 carerent
539 1837 702 1936 legitimis
722 1847 758 1910 et
776 1840 821 1912 ad
832 1839 1018 1913 ecclesiam
1029 1836 1292 1940 non'pertinen-

160 1950 264 2025 tibus.
282 1947 377 2027 idem
395 1947 556 2047 predium
574 1948 643 2020 tine
670 1947 764 2021 omni
791 1948 1068 2024 contradictione
1095 1962 1295 2026 remaneret

160 2060 314 2136 ecclesie
342 2070 377 2132 et
397 2081 570 2152 nunquam
590 2056 762 2129 haherent
790 2055 997 2153 potestatem
1025 2059 1205 2132 uendendi
1232 2061 1293 2134 uel

157 2168 312 2269 ponendi
324 2167 428 2241 alicui
442 2191 506 2264 pro
522 2164 689 2261 aliquare.
709 2164 818 2239 Huius
840 2163 891 2237 rei
901 2165 1006 2239 testes
1022 2178 1115 2240 sunt.
1126 2167 1230 2242 'l'imo
1247 2169 1292 2243 de

158 2275 418 2373 Chirehlingen.
432 2274 536 2349 Sarlo
547 2276 591 2348 de
607 2273 898 2370 Chalwenperge.
918 2272 1113 2372 Diepoldus
1131 2285 1168 2348 et
1178 2276 1291 2352 srater

158 2383 234 2459 eius
253 2384 460 2481 llendingus
480 2385 523 2458 de
539 2383 629 2457 Alie.
652 2381 844 2455 Rudwinus
862 2381 905 2456 de
931 2382 1156 2457 Willendorl.
1179 2384 1291 2459 llart·

156 2492 267 2566 wicus
289 2491 486 2567 Churalrals
510 2491 635 2566 senior.
657 2491 769 2564 Adam
786 2491 1023 2566 cementarius
1038 2502 1073 2566 et
1099 2491 1157 2565 alii
1185 2517 1289 2591 quam

182 2601 290 2674 lurce.

90 2734 137 2786 rar
157 2625 180 2699 p
240 2707 371 2783 Notum
391 2709 431 2784 lit
449 2708 611 2784 omnibus
625 2705 759 2780 Christi
778 2705 940 2780 fidelibus
952 2717 1023 2781 tam
1043 2707 1172 2783 suturis
1185 2733 1290 2807 quam

157 2817 375 2919 presentibus
404 2819 496 2913 quod
522 2815 679 2890 marchio
700 2815 744 2887 L.
772 2814 931 2911 predium
959 2815 1181 2893 deerisdos
1207 2844 1288 2893 cum

157 2927 319 3027 omnibus
347 2928 392 2999 ad
418 2928 507 2999 idem
525 2924 683 3022 predium
703 2921 956 3021 pertinentibus
977 2925 1148 3024 potestiua
1167 2931 1288 3028 (pole-

152 3032 310 3140 stnte'uo)
326 3060 427 3108 manu
442 3033 638 3108 tradiditad
660 3032 770 3106 altare
796 3031 837 3103 S.
852 3031 976 3124 lllarip.
991 3034 1094 3108 huius
1108 3034 1161 3108 rei
1186 3035 1294 3110 testes

158 3144 232 3217 sunt
253 3171 317 3242 per
342 3144 573 3218 aurestracti.
593 3140 725 3214 Comes
752 3140 869 3212 Weri
882 3145 1063 3238 gandv's.
1089 3143 1288 3218 Theoderi-

156 3248 1287 3346 eva.Hernist,Kadalhoc,Gerolt,Rapoto,Starsrit.Gvndal·

156 3358 253 3443 char.
274 3362 374 3435 Anno
390 3361 563 3436 dominice
585 3358 840 3432 incarnationis
855 3381 895 3443 M.
910 3379 946 3443 C.
961 3378 1031 3442 Xlll
1045 3361 1287 3443 indictionev.

85 3493 136 3545 reo
235 3467 388 3544 Notilico
397 3482 467 3544 tarn
479 3467 676 3542 absentibus
679 3491 781 3562 quam
796 3473 1011 3566 presentibus
1025 3470 1176 3566 qualiter
1191 3495 1288 3544 mar.

156 3577 236 3652 chio
267 3578 309 3649 L.
336 3603 416 3652 curn
444 3579 549 3652 nobili
570 3599 738 3671 compare
760 3574 819 3649 sua
838 3582 974 3680 Agnete
994 3581 1144 3677 quedam
1163 3580 1288 3679 predia

153 3686 287 3784 potenti
297 3710 411 3760 manu.
427 3687 575 3761 Scilicet
584 3682 787 3781 Pyrpomin.
804 3682 1010 3764 Niumburc.
1028 3690 1196 3763 Locum
1224 3691 1287 3762 di·

153 3792 1159 3895 ctumPanQuinqueuineasPadandecimationemque
1175 3799 1286 3872 curtis

152 3904 210 3979 suc
225 3904 258 3976 in
283 3929 385 3977 manu
400 3929 491 3977 eom
504 3904 582 3978 itis
594 3900 852 3980 Gehelrardi
871 3907 1287 4004 tradiditNiumburg‘enli

152 4013 305 4107 ecclesie
330 4013 376 4086 ad
408 4012 655 4086 sublimandum
682 4010 852 4089 honorem
880 4016 1012 4108 Sancte
1033 4018 1156 4109 lllarip.
1182 4017 1285 4092 Auno

152 4123 195 4193 ab
224 4122 463 4196 incarnatione
488 4122 620 4195 domini
638 4142 679 4204 nl.
697 4139 733 4202 Ο.
750 4139 821 4205 Xlll
840 4126 1034 4200 indictione
1053 4142 1088 4204 V.
1110 4125 1212 4198 huius
1232 4128 1284 4202 rei

32 4300 35 4305 ,
152 4229 258 4303 testes
267 4232 343 4304 sunt
362 4256 425 4328 per
439 4232 545 4305 aures
558 4235 663 4308 tracti
672 4234 926 4332 Weregandvs.
947 4235 1158 4308 Hartwicvs.
1172 4235 1285 4310 lladi-

153 4337 248 4412 ricus
266 4349 302 4414 et
320 4340 502 4414 filiuseius
521 4339 983 4418 Heinrievs.Bernthardvs.
1003 4345 1082 4418 Hoc
1101 4344 1283 4420 decretum

153 4446 177 4518 li
193 4447 271 4545 quil
284 4449 478 4525 uiolauerit.
496 4450 705 4551 cumimpiis
719 4451 753 4522 in
773 4451 907 4526 inferno
929 4453 1113 4551 deputatus
1131 4452 1182 4525 lit.
