<?xml version="1.0" encoding="UTF-8"?>
<!DOCTYPE html PUBLIC "-//W3C//DTD XHTML 1.0 Transitional//EN"
    "http://www.w3.org/TR/xhtml1/DTD/xhtml1-transitional.dtd">
<html xmlns="http://www.w3.org/1999/xhtml" xml:lang="en" lang="en">
 <head>
  <title>
</title>
<meta http-equiv="Content-Type" content="text/html;charset=utf-8" />
  <meta name='ocr-system' content='tesseract 3.04.00' />
  <meta name='ocr-capabilities' content='ocr_page ocr_carea ocr_par ocr_line ocrx_word'/>
</head>
<body>
  <div class='ocr_page' id='page_1' title='image "./codextraditionu00fiscgoog_0091.png"; bbox 0 0 3008 5070; ppageno 0'>
   <div class='ocr_carea' id='block_1_1' title="bbox 183 479 949 562">
    <p class='ocr_par' dir='ltr' id='par_1_1' title="bbox 183 479 949 562">
     <span class='ocr_line' id='line_1_1' title="bbox 183 479 949 562; baseline 0 -17"><span class='ocrx_word' id='word_1_1' title='bbox 183 485 234 562; x_wconf 74' lang='lat' dir='ltr'>oe</span> <span class='ocrx_word' id='word_1_2' title='bbox 545 479 637 548; x_wconf 90' lang='lat' dir='ltr'>ooo.</span> <span class='ocrx_word' id='word_1_3' title='bbox 662 480 949 547; x_wconf 74' lang='lat' dir='ltr'>rnsmnonuu</span> 
     </span>
    </p>
   </div>
   <div class='ocr_carea' id='block_1_2' title="bbox 73 644 1309 1480">
    <p class='ocr_par' dir='ltr' id='par_1_2' title="bbox 182 644 1308 962">
     <span class='ocr_line' id='line_1_2' title="bbox 183 644 1307 742; baseline 0.002 -20"><span class='ocrx_word' id='word_1_4' title='bbox 183 649 227 722; x_wconf 86' lang='lat' dir='ltr'>de</span> <span class='ocrx_word' id='word_1_5' title='bbox 253 644 451 720; x_wconf 87' lang='lat' dir='ltr'>Wideniob.</span> <span class='ocrx_word' id='word_1_6' title='bbox 469 646 572 742; x_wconf 85' lang='lat' dir='ltr'>Hugo</span> <span class='ocrx_word' id='word_1_7' title='bbox 603 657 640 718; x_wconf 91' lang='lat' dir='ltr'>et</span> <span class='ocrx_word' id='word_1_8' title='bbox 668 644 779 722; x_wconf 84' lang='lat' dir='ltr'>frater</span> <span class='ocrx_word' id='word_1_9' title='bbox 806 647 880 719; x_wconf 89' lang='lat' dir='ltr'>eius</span> <span class='ocrx_word' id='word_1_10' title='bbox 899 648 1061 720; x_wconf 84' lang='lat' dir='ltr'>Abortus.</span> <span class='ocrx_word' id='word_1_11' title='bbox 1091 647 1307 724; x_wconf 87' lang='lat' dir='ltr'>Hartwicus.</span> 
     </span>
     <span class='ocr_line' id='line_1_3' title="bbox 182 752 1308 832; baseline 0.002 -2"><span class='ocrx_word' id='word_1_12' title='bbox 182 754 386 830; x_wconf 82' lang='lat' dir='ltr'>Cburzbals.</span> <span class='ocrx_word' id='word_1_13' title='bbox 405 756 493 829; x_wconf 83' lang='lat' dir='ltr'>stem</span> <span class='ocrx_word' id='word_1_14' title='bbox 511 754 716 828; x_wconf 88' lang='lat' dir='ltr'>Herrandus</span> <span class='ocrx_word' id='word_1_15' title='bbox 730 754 782 829; x_wconf 91' lang='lat' dir='ltr'>de</span> <span class='ocrx_word' id='word_1_16' title='bbox 811 752 829 826; x_wconf 90' lang='lat' dir='ltr'>s</span> <span class='ocrx_word' id='word_1_17' title='bbox 831 779 923 827; x_wconf 92' lang='lat' dir='ltr'>oro.</span> <span class='ocrx_word' id='word_1_18' title='bbox 940 765 974 828; x_wconf 90' lang='lat' dir='ltr'>et</span> <span class='ocrx_word' id='word_1_19' title='bbox 988 753 1131 831; x_wconf 88' lang='lat' dir='ltr'>Ulricus</span> <span class='ocrx_word' id='word_1_20' title='bbox 1150 756 1236 832; x_wconf 88' lang='lat' dir='ltr'>item</span> <span class='ocrx_word' id='word_1_21' title='bbox 1255 759 1308 832; x_wconf 91' lang='lat' dir='ltr'>do</span> 
     </span>
     <span class='ocr_line' id='line_1_4' title="bbox 182 861 760 962; baseline -0.003 -24"><span class='ocrx_word' id='word_1_22' title='bbox 182 864 292 938; x_wconf 85' lang='lat' dir='ltr'>soro.</span> <span class='ocrx_word' id='word_1_23' title='bbox 320 861 509 962; x_wconf 80' lang='lat' dir='ltr'>Pilgrimus</span> <span class='ocrx_word' id='word_1_24' title='bbox 536 861 760 936; x_wconf 87' lang='lat' dir='ltr'>camerarius.</span> 
     </span>
    </p>

    <p class='ocr_par' dir='ltr' id='par_1_3' title="bbox 94 967 1309 1392">
     <span class='ocr_line' id='line_1_5' title="bbox 94 967 1307 1067; baseline 0.009 -31"><span class='ocrx_word' id='word_1_25' title='bbox 94 985 147 1038; x_wconf 79' lang='lat' dir='ltr'>aas</span> <span class='ocrx_word' id='word_1_26' title='bbox 260 970 392 1045; x_wconf 90' lang='lat' dir='ltr'>Notum</span> <span class='ocrx_word' id='word_1_27' title='bbox 410 970 449 1046; x_wconf 85' lang='lat' dir='ltr'>tit</span> <span class='ocrx_word' id='word_1_28' title='bbox 468 969 601 1046; x_wconf 78' lang='lat' dir='ltr'>cunctis</span> <span class='ocrx_word' id='word_1_29' title='bbox 617 969 748 1045; x_wconf 77' lang='lat' dir='ltr'><strong>Christi</strong></span> <span class='ocrx_word' id='word_1_30' title='bbox 765 969 925 1044; x_wconf 81' lang='lat' dir='ltr'>fidelibus</span> <span class='ocrx_word' id='word_1_31' title='bbox 944 970 1037 1067; x_wconf 86' lang='lat' dir='ltr'>quod</span> <span class='ocrx_word' id='word_1_32' title='bbox 1053 967 1162 1044; x_wconf 82' lang='lat' dir='ltr'>trater</span> <span class='ocrx_word' id='word_1_33' title='bbox 1180 983 1307 1047; x_wconf 86' lang='lat' dir='ltr'>noster</span> 
     </span>
     <span class='ocr_line' id='line_1_6' title="bbox 179 1076 1309 1176; baseline 0.002 -22"><span class='ocrx_word' id='word_1_34' title='bbox 179 1079 270 1156; x_wconf 76' lang='lat' dir='ltr'>soiius</span> <span class='ocrx_word' id='word_1_35' title='bbox 288 1078 418 1152; x_wconf 90' lang='lat' dir='ltr'>domini</span> <span class='ocrx_word' id='word_1_36' title='bbox 431 1076 652 1153; x_wconf 85' lang='lat' dir='ltr'>Wolskeri</span> <span class='ocrx_word' id='word_1_37' title='bbox 671 1078 716 1152; x_wconf 86' lang='lat' dir='ltr'>do</span> <span class='ocrx_word' id='word_1_38' title='bbox 735 1077 911 1153; x_wconf 84' lang='lat' dir='ltr'>Ersbae.</span> <span class='ocrx_word' id='word_1_39' title='bbox 932 1077 1150 1176; x_wconf 80' lang='lat' dir='ltr'>Sigebardus</span> <span class='ocrx_word' id='word_1_40' title='bbox 1166 1082 1309 1157; x_wconf 79' lang='lat' dir='ltr'><strong>tradidit</strong></span> 
     </span>
     <span class='ocr_line' id='line_1_7' title="bbox 179 1185 1306 1291; baseline -0.001 -29"><span class='ocrx_word' id='word_1_41' title='bbox 179 1188 281 1287; x_wconf 86' lang='lat' dir='ltr'>super</span> <span class='ocrx_word' id='word_1_42' title='bbox 300 1212 396 1261; x_wconf 85' lang='lat' dir='ltr'>aram</span> <span class='ocrx_word' id='word_1_43' title='bbox 416 1189 550 1282; x_wconf 82' lang='lat' dir='ltr'>Sancte</span> <span class='ocrx_word' id='word_1_44' title='bbox 572 1185 684 1280; x_wconf 74' lang='lat' dir='ltr'>Mario</span> <span class='ocrx_word' id='word_1_45' title='bbox 702 1185 953 1262; x_wconf 88' lang='lat' dir='ltr'>Niwenburcb.</span> <span class='ocrx_word' id='word_1_46' title='bbox 973 1211 1015 1260; x_wconf 87' lang='lat' dir='ltr'>ea</span> <span class='ocrx_word' id='word_1_47' title='bbox 1032 1186 1088 1260; x_wconf 88' lang='lat' dir='ltr'>die</span> <span class='ocrx_word' id='word_1_48' title='bbox 1108 1188 1230 1284; x_wconf 91' lang='lat' dir='ltr'>quase</span> <span class='ocrx_word' id='word_1_49' title='bbox 1248 1189 1306 1291; x_wconf 88' lang='lat' dir='ltr'>ip-</span> 
     </span>
     <span class='ocr_line' id='line_1_8' title="bbox 180 1293 1306 1392; baseline 0.003 -22"><span class='ocrx_word' id='word_1_50' title='bbox 180 1322 256 1371; x_wconf 86' lang='lat' dir='ltr'>sura</span> <span class='ocrx_word' id='word_1_51' title='bbox 276 1295 399 1370; x_wconf 86' lang='lat' dir='ltr'>obtulit</span> <span class='ocrx_word' id='word_1_52' title='bbox 418 1307 452 1370; x_wconf 88' lang='lat' dir='ltr'>et</span> <span class='ocrx_word' id='word_1_53' title='bbox 470 1294 611 1371; x_wconf 85' lang='lat' dir='ltr'>uinculo</span> <span class='ocrx_word' id='word_1_54' title='bbox 638 1295 808 1392; x_wconf 82' lang='lat' dir='ltr'>regularis</span> <span class='ocrx_word' id='word_1_55' title='bbox 830 1295 901 1389; x_wconf 78' lang='lat' dir='ltr'>uite</span> <span class='ocrx_word' id='word_1_56' title='bbox 930 1293 1138 1371; x_wconf 80' lang='lat' dir='ltr'>constrinxit.</span> <span class='ocrx_word' id='word_1_57' title='bbox 1164 1296 1306 1373; x_wconf 83' lang='lat' dir='ltr'>uillico-</span> 
     </span>
    </p>

    <p class='ocr_par' dir='ltr' id='par_1_4' title="bbox 73 1403 1306 1480">
     <span class='ocr_line' id='line_1_9' title="bbox 73 1403 1306 1480; baseline -0.002 0"><span class='ocrx_word' id='word_1_58' title='bbox 73 1419 173 1460; x_wconf 55' lang='grc' dir='ltr'>’πίω</span> <span class='ocrx_word' id='word_1_59' title='bbox 182 1405 312 1480; x_wconf 88' lang='lat' dir='ltr'>tionem</span> <span class='ocrx_word' id='word_1_60' title='bbox 335 1404 452 1479; x_wconf 86' lang='lat' dir='ltr'>Pers</span> <span class='ocrx_word' id='word_1_61' title='bbox 454 1403 586 1479; x_wconf 89' lang='lat' dir='ltr'>uiche</span> <span class='ocrx_word' id='word_1_62' title='bbox 609 1403 719 1477; x_wconf 79' lang='lat' dir='ltr'>fitam.</span> <span class='ocrx_word' id='word_1_63' title='bbox 747 1403 1041 1477; x_wconf 80' lang='lat' dir='ltr'>consentientibus</span> <span class='ocrx_word' id='word_1_64' title='bbox 1066 1415 1102 1478; x_wconf 93' lang='lat' dir='ltr'>et</span> <span class='ocrx_word' id='word_1_65' title='bbox 1121 1407 1306 1480; x_wconf 88' lang='lat' dir='ltr'>annuenti·</span> 
     </span>
    </p>
   </div>
   <div class='ocr_carea' id='block_1_3' title="bbox 104 1510 1307 4514">
    <p class='ocr_par' dir='ltr' id='par_1_5' title="bbox 180 1510 1307 1936">
     <span class='ocr_line' id='line_1_10' title="bbox 180 1510 1304 1590; baseline 0.002 -3"><span class='ocrx_word' id='word_1_66' title='bbox 180 1513 247 1587; x_wconf 90' lang='lat' dir='ltr'>bus</span> <span class='ocrx_word' id='word_1_67' title='bbox 260 1511 425 1587; x_wconf 81' lang='lat' dir='ltr'>iratribus</span> <span class='ocrx_word' id='word_1_68' title='bbox 436 1511 510 1590; x_wconf 87' lang='lat' dir='ltr'>suis.</span> <span class='ocrx_word' id='word_1_69' title='bbox 532 1510 734 1586; x_wconf 86' lang='lat' dir='ltr'>Wolskero.</span> <span class='ocrx_word' id='word_1_70' title='bbox 754 1521 790 1587; x_wconf 88' lang='lat' dir='ltr'>ot</span> <span class='ocrx_word' id='word_1_71' title='bbox 808 1512 1027 1585; x_wconf 81' lang='lat' dir='ltr'>Eberhardo.</span> <span class='ocrx_word' id='word_1_72' title='bbox 1047 1511 1159 1586; x_wconf 93' lang='lat' dir='ltr'>Huius</span> <span class='ocrx_word' id='word_1_73' title='bbox 1176 1513 1231 1589; x_wconf 91' lang='lat' dir='ltr'>rei</span> <span class='ocrx_word' id='word_1_74' title='bbox 1247 1526 1304 1589; x_wconf 92' lang='lat' dir='ltr'>te-</span> 
     </span>
     <span class='ocr_line' id='line_1_11' title="bbox 181 1617 1307 1696; baseline 0.001 -1"><span class='ocrx_word' id='word_1_75' title='bbox 181 1620 249 1695; x_wconf 81' lang='lat' dir='ltr'>bcs</span> <span class='ocrx_word' id='word_1_76' title='bbox 259 1621 346 1695; x_wconf 85' lang='lat' dir='ltr'>sunt.</span> <span class='ocrx_word' id='word_1_77' title='bbox 360 1620 562 1696; x_wconf 82' lang='lat' dir='ltr'>Gbodoldus</span> <span class='ocrx_word' id='word_1_78' title='bbox 578 1629 614 1694; x_wconf 90' lang='lat' dir='ltr'>et</span> <span class='ocrx_word' id='word_1_79' title='bbox 631 1617 723 1694; x_wconf 85' lang='lat' dir='ltr'>filius</span> <span class='ocrx_word' id='word_1_80' title='bbox 742 1619 817 1694; x_wconf 89' lang='lat' dir='ltr'>eius</span> <span class='ocrx_word' id='word_1_81' title='bbox 834 1620 1047 1695; x_wconf 87' lang='lat' dir='ltr'>Wicbardus</span> <span class='ocrx_word' id='word_1_82' title='bbox 1066 1620 1109 1693; x_wconf 89' lang='lat' dir='ltr'>de</span> <span class='ocrx_word' id='word_1_83' title='bbox 1126 1619 1307 1696; x_wconf 91' lang='lat' dir='ltr'>Straneis·</span> 
     </span>
     <span class='ocr_line' id='line_1_12' title="bbox 181 1725 1302 1805; baseline -0.002 -1"><span class='ocrx_word' id='word_1_84' title='bbox 181 1729 549 1805; x_wconf 78' lang='lat' dir='ltr'>dorsWaitherus</span> <span class='ocrx_word' id='word_1_85' title='bbox 568 1725 656 1800; x_wconf 88' lang='lat' dir='ltr'>filius</span> <span class='ocrx_word' id='word_1_86' title='bbox 673 1727 804 1802; x_wconf 90' lang='lat' dir='ltr'>domini</span> <span class='ocrx_word' id='word_1_87' title='bbox 823 1727 1009 1803; x_wconf 87' lang='lat' dir='ltr'>Ottonis</span> <span class='ocrx_word' id='word_1_88' title='bbox 1025 1727 1302 1805; x_wconf 86' lang='lat' dir='ltr'>debdissowe.</span> 
     </span>
     <span class='ocr_line' id='line_1_13' title="bbox 181 1834 1126 1936; baseline -0.004 -24"><span class='ocrx_word' id='word_1_89' title='bbox 181 1839 366 1936; x_wconf 83' lang='lat' dir='ltr'>Gerungus</span> <span class='ocrx_word' id='word_1_90' title='bbox 385 1847 421 1910; x_wconf 92' lang='lat' dir='ltr'>et</span> <span class='ocrx_word' id='word_1_91' title='bbox 439 1834 613 1934; x_wconf 78' lang='lat' dir='ltr'>Egilolfus</span> <span class='ocrx_word' id='word_1_92' title='bbox 625 1834 783 1910; x_wconf 83' lang='lat' dir='ltr'>homiues</span> <span class='ocrx_word' id='word_1_93' title='bbox 796 1836 936 1930; x_wconf 80' lang='lat' dir='ltr'>domine</span> <span class='ocrx_word' id='word_1_94' title='bbox 955 1836 1126 1912; x_wconf 86' lang='lat' dir='ltr'>Dimudis.</span> 
     </span>
    </p>

    <p class='ocr_par' dir='ltr' id='par_1_6' title="bbox 107 1940 1305 2806">
     <span class='ocr_line' id='line_1_14' title="bbox 107 1940 1305 2044; baseline -0.001 -23"><span class='ocrx_word' id='word_1_95' title='bbox 107 1940 162 1993; x_wconf 61' lang='lat'>³⁴⁰</span> <span class='ocrx_word' id='word_1_96' title='bbox 258 1945 388 2020; x_wconf 90' lang='lat' dir='ltr'>Notum</span> <span class='ocrx_word' id='word_1_97' title='bbox 399 1944 609 2017; x_wconf 86' lang='lat' dir='ltr'>titomnibus</span> <span class='ocrx_word' id='word_1_98' title='bbox 627 1955 699 2018; x_wconf 88' lang='lat' dir='ltr'>tam</span> <span class='ocrx_word' id='word_1_99' title='bbox 717 1945 934 2043; x_wconf 80' lang='lat' dir='ltr'>presentibus</span> <span class='ocrx_word' id='word_1_100' title='bbox 942 1970 1044 2043; x_wconf 87' lang='lat' dir='ltr'>quam</span> <span class='ocrx_word' id='word_1_101' title='bbox 1062 1942 1194 2019; x_wconf 87' lang='lat' dir='ltr'>suturis.</span> <span class='ocrx_word' id='word_1_102' title='bbox 1210 1947 1305 2044; x_wconf 91' lang='lat' dir='ltr'>quod</span> 
     </span>
     <span class='ocr_line' id='line_1_15' title="bbox 177 2049 1303 2154; baseline -0.002 -24"><span class='ocrx_word' id='word_1_103' title='bbox 177 2054 348 2130; x_wconf 81' lang='lat' dir='ltr'>Gerbircb</span> <span class='ocrx_word' id='word_1_104' title='bbox 355 2054 454 2127; x_wconf 84' lang='lat' dir='ltr'>soror</span> <span class='ocrx_word' id='word_1_105' title='bbox 464 2062 593 2127; x_wconf 89' lang='lat' dir='ltr'>nostra.</span> <span class='ocrx_word' id='word_1_106' title='bbox 605 2052 747 2129; x_wconf 82' lang='lat' dir='ltr'>tradidit</span> <span class='ocrx_word' id='word_1_107' title='bbox 759 2054 860 2150; x_wconf 91' lang='lat' dir='ltr'>super</span> <span class='ocrx_word' id='word_1_108' title='bbox 874 2065 990 2128; x_wconf 88' lang='lat' dir='ltr'>artare</span> <span class='ocrx_word' id='word_1_109' title='bbox 1000 2049 1157 2154; x_wconf 84' lang='lat' dir='ltr'>(altore)</span> <span class='ocrx_word' id='word_1_110' title='bbox 1169 2053 1303 2129; x_wconf 82' lang='lat' dir='ltr'>Sancte</span> 
     </span>
     <span class='ocr_line' id='line_1_16' title="bbox 174 2160 1304 2260; baseline -0.003 -23"><span class='ocrx_word' id='word_1_111' title='bbox 174 2160 618 2255; x_wconf 80' lang='lat' dir='ltr'>MarieNiwonburcbseet</span> <span class='ocrx_word' id='word_1_112' title='bbox 628 2169 915 2260; x_wconf 81' lang='lat' dir='ltr'>partempaterne</span> <span class='ocrx_word' id='word_1_113' title='bbox 929 2160 1116 2254; x_wconf 81' lang='lat' dir='ltr'>substantie</span> <span class='ocrx_word' id='word_1_114' title='bbox 1125 2187 1228 2260; x_wconf 87' lang='lat' dir='ltr'>quam</span> <span class='ocrx_word' id='word_1_115' title='bbox 1242 2162 1304 2236; x_wconf 85' lang='lat' dir='ltr'>fibi</span> 
     </span>
     <span class='ocr_line' id='line_1_17' title="bbox 174 2267 1305 2365; baseline 0.001 -20"><span class='ocrx_word' id='word_1_116' title='bbox 174 2279 311 2346; x_wconf 90' lang='lat' dir='ltr'>mortuo</span> <span class='ocrx_word' id='word_1_117' title='bbox 322 2279 420 2365; x_wconf 84' lang='lat' dir='ltr'>patre</span> <span class='ocrx_word' id='word_1_118' title='bbox 431 2267 527 2344; x_wconf 90' lang='lat' dir='ltr'>dedit</span> <span class='ocrx_word' id='word_1_119' title='bbox 540 2279 652 2343; x_wconf 88' lang='lat' dir='ltr'>mater</span> <span class='ocrx_word' id='word_1_120' title='bbox 664 2270 725 2342; x_wconf 88' lang='lat' dir='ltr'>sua</span> <span class='ocrx_word' id='word_1_121' title='bbox 739 2268 879 2345; x_wconf 87' lang='lat' dir='ltr'>domina</span> <span class='ocrx_word' id='word_1_122' title='bbox 898 2269 1146 2346; x_wconf 85' lang='lat' dir='ltr'>Chunecundis</span> <span class='ocrx_word' id='word_1_123' title='bbox 1163 2270 1210 2346; x_wconf 88' lang='lat' dir='ltr'>do</span> <span class='ocrx_word' id='word_1_124' title='bbox 1225 2271 1305 2346; x_wconf 86' lang='lat' dir='ltr'>Mo-</span> 
     </span>
     <span class='ocr_line' id='line_1_18' title="bbox 175 2375 1303 2478; baseline 0.003 -26"><span class='ocrx_word' id='word_1_125' title='bbox 175 2376 386 2452; x_wconf 87' lang='lat' dir='ltr'>delansdors.</span> <span class='ocrx_word' id='word_1_126' title='bbox 406 2377 622 2477; x_wconf 81' lang='lat' dir='ltr'>presentibus</span> <span class='ocrx_word' id='word_1_127' title='bbox 642 2377 839 2453; x_wconf 84' lang='lat' dir='ltr'>bominibus</span> <span class='ocrx_word' id='word_1_128' title='bbox 857 2404 945 2478; x_wconf 86' lang='lat' dir='ltr'>quos</span> <span class='ocrx_word' id='word_1_129' title='bbox 971 2377 1075 2452; x_wconf 83' lang='lat' dir='ltr'>infra.</span> <span class='ocrx_word' id='word_1_130' title='bbox 1095 2375 1130 2450; x_wconf 95' lang='lat' dir='ltr'>in</span> <span class='ocrx_word' id='word_1_131' title='bbox 1148 2377 1303 2455; x_wconf 80' lang='lat' dir='ltr'>testimo·</span> 
     </span>
     <span class='ocr_line' id='line_1_19' title="bbox 174 2485 1303 2582; baseline 0.003 -23"><span class='ocrx_word' id='word_1_132' title='bbox 174 2486 270 2560; x_wconf 91' lang='lat' dir='ltr'>nium</span> <span class='ocrx_word' id='word_1_133' title='bbox 289 2485 523 2582; x_wconf 81' lang='lat' dir='ltr'>delegationis</span> <span class='ocrx_word' id='word_1_134' title='bbox 548 2487 817 2562; x_wconf 80' lang='lat' dir='ltr'>introducemus.</span> <span class='ocrx_word' id='word_1_135' title='bbox 852 2498 933 2561; x_wconf 92' lang='lat' dir='ltr'>sunt</span> <span class='ocrx_word' id='word_1_136' title='bbox 960 2499 1076 2561; x_wconf 89' lang='lat' dir='ltr'>autem</span> <span class='ocrx_word' id='word_1_137' title='bbox 1103 2486 1171 2560; x_wconf 91' lang='lat' dir='ltr'>tria</span> <span class='ocrx_word' id='word_1_138' title='bbox 1189 2487 1303 2562; x_wconf 89' lang='lat' dir='ltr'>bene-</span> 
     </span>
     <span class='ocr_line' id='line_1_20' title="bbox 176 2592 1304 2697; baseline 0.004 -31"><span class='ocrx_word' id='word_1_139' title='bbox 176 2592 428 2693; x_wconf 83' lang='lat' dir='ltr'>ficiaReupach</span> <span class='ocrx_word' id='word_1_140' title='bbox 442 2594 515 2697; x_wconf 61' lang='lat' dir='ltr'>tito.</span> <span class='ocrx_word' id='word_1_141' title='bbox 534 2595 646 2673; x_wconf 90' lang='lat' dir='ltr'>Huius</span> <span class='ocrx_word' id='word_1_142' title='bbox 665 2596 717 2668; x_wconf 86' lang='lat' dir='ltr'>rei</span> <span class='ocrx_word' id='word_1_143' title='bbox 736 2593 842 2669; x_wconf 80' lang='lat' dir='ltr'>testes</span> <span class='ocrx_word' id='word_1_144' title='bbox 855 2606 945 2669; x_wconf 87' lang='lat' dir='ltr'>sunt.</span> <span class='ocrx_word' id='word_1_145' title='bbox 963 2594 1234 2671; x_wconf 85' lang='lat' dir='ltr'>Wichardus</span> <span class='ocrx_word' id='word_1_146' title='bbox 1254 2596 1304 2671; x_wconf 93' lang='lat' dir='ltr'>de</span> 
     </span>
     <span class='ocr_line' id='line_1_21' title="bbox 173 2702 1302 2806; baseline 0.002 -29"><span class='ocrx_word' id='word_1_147' title='bbox 173 2702 429 2777; x_wconf 81' lang='lat' dir='ltr'>Arnstaine.</span> <span class='ocrx_word' id='word_1_148' title='bbox 446 2702 623 2778; x_wconf 78' lang='lat' dir='ltr'>Vtricus</span> <span class='ocrx_word' id='word_1_149' title='bbox 643 2702 790 2777; x_wconf 85' lang='lat' dir='ltr'>frater</span> <span class='ocrx_word' id='word_1_150' title='bbox 808 2703 905 2777; x_wconf 83' lang='lat' dir='ltr'>o&#39;ius</span> <span class='ocrx_word' id='word_1_151' title='bbox 925 2704 1174 2806; x_wconf 44' lang='lat' dir='ltr'>deOGadem.</span> <span class='ocrx_word' id='word_1_152' title='bbox 1195 2704 1302 2802; x_wconf 82' lang='lat' dir='ltr'>Hugo</span> 
     </span>
    </p>

    <p class='ocr_par' dir='ltr' id='par_1_7' title="bbox 126 2809 1306 3125">
     <span class='ocr_line' id='line_1_22' title="bbox 126 2809 1306 2891; baseline 0.003 -7"><span class='ocrx_word' id='word_1_153' title='bbox 126 2826 127 2829; x_wconf 76' lang='grc'>’</span> <span class='ocrx_word' id='word_1_154' title='bbox 174 2810 217 2885; x_wconf 87' lang='lat' dir='ltr'>do</span> <span class='ocrx_word' id='word_1_155' title='bbox 230 2809 495 2885; x_wconf 80' lang='lat' dir='ltr'>Modolansdors.</span> <span class='ocrx_word' id='word_1_156' title='bbox 510 2810 951 2891; x_wconf 83' lang='lat' dir='ltr'>Perbtoldusdelwanbal.</span> <span class='ocrx_word' id='word_1_157' title='bbox 966 2810 1104 2886; x_wconf 82' lang='lat' dir='ltr'>Vlricus</span> <span class='ocrx_word' id='word_1_158' title='bbox 1116 2812 1161 2886; x_wconf 89' lang='lat' dir='ltr'>de</span> <span class='ocrx_word' id='word_1_159' title='bbox 1181 2812 1306 2888; x_wconf 88' lang='lat' dir='ltr'>Gund-</span> 
     </span>
     <span class='ocr_line' id='line_1_23' title="bbox 172 2918 1303 3014; baseline 0.002 -20"><span class='ocrx_word' id='word_1_160' title='bbox 172 2918 1303 3014; x_wconf 63' lang='lat' dir='ltr'>mmfflorsdrbodeluaostal.bominesecclesienostrediram·</span> 
     </span>
     <span class='ocr_line' id='line_1_24' title="bbox 174 3026 735 3125; baseline -0.005 -24"><span class='ocrx_word' id='word_1_161' title='bbox 174 3053 261 3102; x_wconf 89' lang='lat' dir='ltr'>mus.</span> <span class='ocrx_word' id='word_1_162' title='bbox 281 3026 515 3101; x_wconf 79' lang='lat' dir='ltr'>Amelbertus.</span> <span class='ocrx_word' id='word_1_163' title='bbox 534 3026 735 3125; x_wconf 84' lang='lat' dir='ltr'>Gerungus.</span> 
     </span>
    </p>

    <p class='ocr_par' dir='ltr' id='par_1_8' title="bbox 106 3134 1303 4103">
     <span class='ocr_line' id='line_1_25' title="bbox 106 3134 1301 3236; baseline 0.003 -27"><span class='ocrx_word' id='word_1_164' title='bbox 106 3136 155 3189; x_wconf 61' lang='lat'>³4¹</span> <span class='ocrx_word' id='word_1_165' title='bbox 257 3135 388 3210; x_wconf 88' lang='lat' dir='ltr'>Notum</span> <span class='ocrx_word' id='word_1_166' title='bbox 413 3135 454 3209; x_wconf 86' lang='lat' dir='ltr'>fit</span> <span class='ocrx_word' id='word_1_167' title='bbox 480 3134 639 3210; x_wconf 89' lang='lat' dir='ltr'>omnibus</span> <span class='ocrx_word' id='word_1_168' title='bbox 660 3134 792 3210; x_wconf 86' lang='lat' dir='ltr'>Christi</span> <span class='ocrx_word' id='word_1_169' title='bbox 821 3135 982 3211; x_wconf 88' lang='lat' dir='ltr'>fidelibus</span> <span class='ocrx_word' id='word_1_170' title='bbox 1003 3137 1096 3236; x_wconf 88' lang='lat' dir='ltr'>quod</span> <span class='ocrx_word' id='word_1_171' title='bbox 1113 3135 1301 3213; x_wconf 84' lang='lat' dir='ltr'>Albericus</span> 
     </span>
     <span class='ocr_line' id='line_1_26' title="bbox 175 3243 1300 3343; baseline 0.001 -26"><span class='ocrx_word' id='word_1_172' title='bbox 175 3244 321 3318; x_wconf 82' lang='lat' dir='ltr'>tradidit</span> <span class='ocrx_word' id='word_1_173' title='bbox 338 3243 452 3317; x_wconf 87' lang='lat' dir='ltr'>libera</span> <span class='ocrx_word' id='word_1_174' title='bbox 469 3253 505 3318; x_wconf 87' lang='lat' dir='ltr'>et</span> <span class='ocrx_word' id='word_1_175' title='bbox 528 3244 662 3343; x_wconf 92' lang='lat' dir='ltr'>potenti</span> <span class='ocrx_word' id='word_1_176' title='bbox 685 3269 788 3320; x_wconf 88' lang='lat' dir='ltr'>manu</span> <span class='ocrx_word' id='word_1_177' title='bbox 807 3246 907 3342; x_wconf 91' lang='lat' dir='ltr'>super</span> <span class='ocrx_word' id='word_1_178' title='bbox 925 3271 1023 3320; x_wconf 87' lang='lat' dir='ltr'>aram</span> <span class='ocrx_word' id='word_1_179' title='bbox 1043 3245 1174 3319; x_wconf 83' lang='lat' dir='ltr'>Sancte</span> <span class='ocrx_word' id='word_1_180' title='bbox 1188 3245 1300 3320; x_wconf 85' lang='lat' dir='ltr'>biario</span> 
     </span>
     <span class='ocr_line' id='line_1_27' title="bbox 176 3352 1303 3453; baseline 0.002 -28"><span class='ocrx_word' id='word_1_181' title='bbox 176 3352 389 3450; x_wconf 73' lang='lat' dir='ltr'>Niwenburg</span> <span class='ocrx_word' id='word_1_182' title='bbox 407 3352 581 3453; x_wconf 88' lang='lat' dir='ltr'>mancipia</span> <span class='ocrx_word' id='word_1_183' title='bbox 594 3378 742 3453; x_wconf 86' lang='lat' dir='ltr'>quorum</span> <span class='ocrx_word' id='word_1_184' title='bbox 761 3355 901 3428; x_wconf 89' lang='lat' dir='ltr'>nomina</span> <span class='ocrx_word' id='word_1_185' title='bbox 918 3352 1113 3453; x_wconf 86' lang='lat' dir='ltr'>subscripta</span> <span class='ocrx_word' id='word_1_186' title='bbox 1130 3363 1213 3427; x_wconf 91' lang='lat' dir='ltr'>sunt</span> <span class='ocrx_word' id='word_1_187' title='bbox 1228 3355 1303 3429; x_wconf 88' lang='lat' dir='ltr'>Ge·</span> 
     </span>
     <span class='ocr_line' id='line_1_28' title="bbox 176 3460 1301 3561; baseline 0.003 -28"><span class='ocrx_word' id='word_1_188' title='bbox 176 3485 256 3561; x_wconf 89' lang='lat' dir='ltr'>pam</span> <span class='ocrx_word' id='word_1_189' title='bbox 271 3460 434 3535; x_wconf 89' lang='lat' dir='ltr'>uidelicet</span> <span class='ocrx_word' id='word_1_190' title='bbox 444 3472 480 3536; x_wconf 92' lang='lat' dir='ltr'>et</span> <span class='ocrx_word' id='word_1_191' title='bbox 492 3462 649 3535; x_wconf 90' lang='lat' dir='ltr'>sororem</span> <span class='ocrx_word' id='word_1_192' title='bbox 663 3461 739 3536; x_wconf 86' lang='lat' dir='ltr'>eius</span> <span class='ocrx_word' id='word_1_193' title='bbox 752 3461 921 3536; x_wconf 83' lang='lat' dir='ltr'>Penilam.</span> <span class='ocrx_word' id='word_1_194' title='bbox 938 3462 1139 3536; x_wconf 82' lang='lat' dir='ltr'>Gerhobum</span> <span class='ocrx_word' id='word_1_195' title='bbox 1153 3468 1190 3535; x_wconf 86' lang='lat' dir='ltr'>ot</span> <span class='ocrx_word' id='word_1_196' title='bbox 1205 3461 1301 3536; x_wconf 80' lang='lat' dir='ltr'>Ecu-</span> 
     </span>
     <span class='ocr_line' id='line_1_29' title="bbox 176 3543 1301 3669; baseline 0.003 -28"><span class='ocrx_word' id='word_1_197' title='bbox 176 3569 330 3642; x_wconf 87' lang='lat' dir='ltr'>wardum</span> <span class='ocrx_word' id='word_1_198' title='bbox 351 3580 386 3643; x_wconf 89' lang='lat' dir='ltr'>et</span> <span class='ocrx_word' id='word_1_199' title='bbox 404 3569 493 3644; x_wconf 86' lang='lat' dir='ltr'>filios</span> <span class='ocrx_word' id='word_1_200' title='bbox 507 3570 583 3644; x_wconf 80' lang='lat' dir='ltr'>eius</span> <span class='ocrx_word' id='word_1_201' title='bbox 595 3568 742 3644; x_wconf 84' lang='lat' dir='ltr'>Acilam.</span> <span class='ocrx_word' id='word_1_202' title='bbox 758 3543 896 3669; x_wconf 71' lang='lat' dir='ltr'>ettbspil</span> <span class='ocrx_word' id='word_1_203' title='bbox 910 3583 945 3645; x_wconf 90' lang='lat' dir='ltr'>et</span> <span class='ocrx_word' id='word_1_204' title='bbox 960 3568 1163 3644; x_wconf 86' lang='lat' dir='ltr'>Matbiidam</span> <span class='ocrx_word' id='word_1_205' title='bbox 1176 3570 1301 3647; x_wconf 81' lang='lat' dir='ltr'>b&#39;ride·</span> 
     </span>
     <span class='ocr_line' id='line_1_30' title="bbox 177 3674 1301 3776; baseline 0.004 -28"><span class='ocrx_word' id='word_1_206' title='bbox 177 3702 254 3751; x_wconf 90' lang='lat' dir='ltr'>run.</span> <span class='ocrx_word' id='word_1_207' title='bbox 285 3674 418 3751; x_wconf 86' lang='lat' dir='ltr'>Wifint.</span> <span class='ocrx_word' id='word_1_208' title='bbox 434 3679 610 3753; x_wconf 89' lang='lat' dir='ltr'>Pertbam.</span> <span class='ocrx_word' id='word_1_209' title='bbox 624 3679 863 3754; x_wconf 88' lang='lat' dir='ltr'>Hermannum</span> <span class='ocrx_word' id='word_1_210' title='bbox 878 3689 913 3753; x_wconf 90' lang='lat' dir='ltr'>et</span> <span class='ocrx_word' id='word_1_211' title='bbox 923 3677 1118 3776; x_wconf 83' lang='lat' dir='ltr'>Willibirg.</span> <span class='ocrx_word' id='word_1_212' title='bbox 1138 3678 1301 3776; x_wconf 81' lang='lat' dir='ltr'>Margar-</span> 
     </span>
     <span class='ocr_line' id='line_1_31' title="bbox 176 3782 1301 3862; baseline 0.002 -3"><span class='ocrx_word' id='word_1_213' title='bbox 176 3786 269 3859; x_wconf 88' lang='lat' dir='ltr'>dam.</span> <span class='ocrx_word' id='word_1_214' title='bbox 290 3782 401 3857; x_wconf 92' lang='lat' dir='ltr'>Huius</span> <span class='ocrx_word' id='word_1_215' title='bbox 415 3785 579 3861; x_wconf 81' lang='lat' dir='ltr'>reitebes</span> <span class='ocrx_word' id='word_1_216' title='bbox 598 3797 679 3861; x_wconf 92' lang='lat' dir='ltr'>sunt</span> <span class='ocrx_word' id='word_1_217' title='bbox 695 3787 911 3862; x_wconf 83' lang='lat' dir='ltr'>Albertus</span> <span class='ocrx_word' id='word_1_218' title='bbox 924 3787 1060 3862; x_wconf 87' lang='lat' dir='ltr'>silius</span> <span class='ocrx_word' id='word_1_219' title='bbox 1078 3786 1301 3862; x_wconf 90' lang='lat' dir='ltr'>marchio-</span> 
     </span>
     <span class='ocr_line' id='line_1_32' title="bbox 177 3891 1299 3970; baseline 0.002 -4"><span class='ocrx_word' id='word_1_220' title='bbox 177 3892 258 3968; x_wconf 88' lang='lat' dir='ltr'>nis.</span> <span class='ocrx_word' id='word_1_221' title='bbox 286 3891 388 3967; x_wconf 85' lang='lat' dir='ltr'>Otto</span> <span class='ocrx_word' id='word_1_222' title='bbox 413 3893 463 3967; x_wconf 91' lang='lat' dir='ltr'>de</span> <span class='ocrx_word' id='word_1_223' title='bbox 490 3894 742 3970; x_wconf 90' lang='lat' dir='ltr'>Macbland.</span> <span class='ocrx_word' id='word_1_224' title='bbox 777 3895 928 3970; x_wconf 88' lang='lat' dir='ltr'>Starsrid</span> <span class='ocrx_word' id='word_1_225' title='bbox 955 3897 1000 3970; x_wconf 92' lang='lat' dir='ltr'>de</span> <span class='ocrx_word' id='word_1_226' title='bbox 1026 3893 1299 3969; x_wconf 84' lang='lat' dir='ltr'>Peuilinesdors:</span> 
     </span>
     <span class='ocr_line' id='line_1_33' title="bbox 176 3999 1055 4103; baseline -0.001 -27"><span class='ocrx_word' id='word_1_227' title='bbox 176 4001 331 4076; x_wconf 88' lang='lat' dir='ltr'>Horbort</span> <span class='ocrx_word' id='word_1_228' title='bbox 349 3999 632 4102; x_wconf 79' lang='lat' dir='ltr'>deCumpndors.</span> <span class='ocrx_word' id='word_1_229' title='bbox 653 4003 777 4078; x_wconf 81' lang='lat' dir='ltr'>&#39;siemo</span> <span class='ocrx_word' id='word_1_230' title='bbox 797 4005 841 4080; x_wconf 90' lang='lat' dir='ltr'>de</span> <span class='ocrx_word' id='word_1_231' title='bbox 860 4004 1055 4103; x_wconf 81' lang='lat' dir='ltr'>Chirgling.</span> 
     </span>
    </p>

    <p class='ocr_par' dir='ltr' id='par_1_9' title="bbox 105 4109 1300 4299">
     <span class='ocr_line' id='line_1_34' title="bbox 105 4109 1300 4212; baseline 0.004 -32"><span class='ocrx_word' id='word_1_232' title='bbox 105 4128 157 4180; x_wconf 76' lang='lat' dir='ltr'>aas</span> <span class='ocrx_word' id='word_1_233' title='bbox 256 4111 386 4185; x_wconf 89' lang='lat' dir='ltr'>Notum</span> <span class='ocrx_word' id='word_1_234' title='bbox 407 4109 445 4186; x_wconf 89' lang='lat' dir='ltr'>srt</span> <span class='ocrx_word' id='word_1_235' title='bbox 464 4109 622 4186; x_wconf 85' lang='lat' dir='ltr'>ornnibus</span> <span class='ocrx_word' id='word_1_236' title='bbox 641 4114 734 4212; x_wconf 85' lang='lat' dir='ltr'>quod</span> <span class='ocrx_word' id='word_1_237' title='bbox 751 4111 861 4187; x_wconf 84' lang='lat' dir='ltr'>Ricna</span> <span class='ocrx_word' id='word_1_238' title='bbox 880 4114 925 4188; x_wconf 90' lang='lat' dir='ltr'>do</span> <span class='ocrx_word' id='word_1_239' title='bbox 944 4112 1169 4212; x_wconf 82' lang='lat' dir='ltr'>Suueringen</span> <span class='ocrx_word' id='word_1_240' title='bbox 1187 4112 1300 4187; x_wconf 91' lang='lat' dir='ltr'>tradi·</span> 
     </span>
     <span class='ocr_line' id='line_1_35' title="bbox 176 4219 958 4299; baseline 0.001 -5"><span class='ocrx_word' id='word_1_241' title='bbox 176 4220 227 4294; x_wconf 92' lang='lat' dir='ltr'>dit</span> <span class='ocrx_word' id='word_1_242' title='bbox 245 4219 409 4293; x_wconf 87' lang='lat' dir='ltr'>Pertbam</span> <span class='ocrx_word' id='word_1_243' title='bbox 435 4221 479 4293; x_wconf 90' lang='lat' dir='ltr'>ad</span> <span class='ocrx_word' id='word_1_244' title='bbox 504 4222 653 4297; x_wconf 88' lang='lat' dir='ltr'>censum.</span> <span class='ocrx_word' id='word_1_245' title='bbox 668 4238 706 4299; x_wconf 86' lang='lat' dir='ltr'>v.</span> <span class='ocrx_word' id='word_1_246' title='bbox 726 4220 958 4297; x_wconf 86' lang='lat' dir='ltr'>denariorum.</span> 
     </span>
    </p>

    <p class='ocr_par' dir='ltr' id='par_1_10' title="bbox 104 4325 1299 4514">
     <span class='ocr_line' id='line_1_36' title="bbox 104 4325 1299 4429; baseline 0.006 -34"><span class='ocrx_word' id='word_1_247' title='bbox 104 4345 157 4395; x_wconf 75' lang='lat' dir='ltr'>aaa</span> <span class='ocrx_word' id='word_1_248' title='bbox 256 4325 387 4404; x_wconf 90' lang='lat' dir='ltr'>Notum</span> <span class='ocrx_word' id='word_1_249' title='bbox 420 4329 566 4404; x_wconf 82' lang='lat' dir='ltr'>facimus</span> <span class='ocrx_word' id='word_1_250' title='bbox 599 4339 670 4403; x_wconf 89' lang='lat' dir='ltr'>tam</span> <span class='ocrx_word' id='word_1_251' title='bbox 691 4330 905 4429; x_wconf 89' lang='lat' dir='ltr'>presentibus</span> <span class='ocrx_word' id='word_1_252' title='bbox 934 4355 1037 4428; x_wconf 89' lang='lat' dir='ltr'>quam</span> <span class='ocrx_word' id='word_1_253' title='bbox 1063 4327 1191 4404; x_wconf 82' lang='lat' dir='ltr'>suturis</span> <span class='ocrx_word' id='word_1_254' title='bbox 1204 4331 1299 4426; x_wconf 86' lang='lat' dir='ltr'>quod</span> 
     </span>
     <span class='ocr_line' id='line_1_37' title="bbox 175 4436 1299 4514; baseline 0.003 -5"><span class='ocrx_word' id='word_1_255' title='bbox 175 4436 362 4511; x_wconf 84' lang='lat' dir='ltr'>Heinricus</span> <span class='ocrx_word' id='word_1_256' title='bbox 395 4450 431 4513; x_wconf 87' lang='lat' dir='ltr'>et</span> <span class='ocrx_word' id='word_1_257' title='bbox 463 4439 574 4514; x_wconf 87' lang='lat' dir='ltr'>frater</span> <span class='ocrx_word' id='word_1_258' title='bbox 602 4436 677 4511; x_wconf 86' lang='lat' dir='ltr'>eius</span> <span class='ocrx_word' id='word_1_259' title='bbox 705 4436 825 4513; x_wconf 83' lang='lat' dir='ltr'>Virich</span> <span class='ocrx_word' id='word_1_260' title='bbox 855 4440 1072 4514; x_wconf 87' lang='lat' dir='ltr'>tradiderunt</span> <span class='ocrx_word' id='word_1_261' title='bbox 1113 4437 1157 4513; x_wconf 90' lang='lat' dir='ltr'>ad</span> <span class='ocrx_word' id='word_1_262' title='bbox 1189 4438 1299 4514; x_wconf 83' lang='lat' dir='ltr'>altaro</span> 
     </span>
    </p>
   </div>
   <div class='ocr_carea' id='block_1_4' title="bbox 0 0 1508 5070">
    <p class='ocr_par' dir='ltr' id='par_1_11' title="bbox 0 0 1508 5070">
     <span class='ocr_line' id='line_1_38' title="bbox 0 0 1508 5070; baseline 0 0"><span class='ocrx_word' id='word_1_263' title='bbox 0 0 1508 5070; x_wconf 95' lang='lat' dir='ltr'> </span> 
     </span>
    </p>
   </div>
  </div>
 </body>
</html>
