3008 5070
197 470 248 548 36
559 467 652 536 001).
675 468 960 537 ratmundum

101 666 184 724 1700
273 631 444 728 Similiter
468 609 635 710 duanieh
653 645 690 710 et
710 634 857 712 leinrieh
890 633 1018 710 fratres
1039 633 1082 708 de
1101 635 1327 712 {rmuelde

193 739 411 820 tradiderunt
419 743 464 818 ad
476 743 567 818 idem
581 745 691 820 altare
701 745 898 818 Manilinum
911 744 955 819 ed
968 744 1105 817 eenium
1119 759 1145 820 v
1159 769 1325 819 nummo-

127 896 134 913 ·
191 877 281 928 rum.
294 853 423 926 Testes
436 863 518 926 sunt
531 853 700 927 Perhtoid
720 854 764 926 de
782 851 1000 928 Ludmari
1004 853 1148 926 uelde.
1168 852 1323 927 Retwin.

192 955 409 1054 Medinwart·
437 961 601 1034 Herrant.
616 962 825 1035 Marehwart
843 961 954 1059 Papo.

57 1083 190 1146 ,1710
280 1070 365 1144 item
383 1072 493 1143 imma
511 1070 650 1144 tradidit
664 1071 708 1143 ad
726 1069 937 1143 idemaitare
949 1068 1124 1142 Perhtam.
1141 1067 1244 1157 Qvod
1263 1081 1322 1144 te·
1402 1079 1408 1092 '

192 1177 318 1252 dantur
328 1176 492 1252 Adebere
504 1179 547 1251 de
557 1176 843 1252 Purehartestors.
852 1173 1163 1274 chinoffltperht,
1183 1177 1229 1254 de
1247 1174 1331 1274 Pei<

4 1365 9 1375 ,
171 1314 174 1320 ·
190 1283 391 1385 poldesteri.
406 1285 580 1360 Winther.
596 1285 762 1360 ddelram
782 1287 825 1358 de
840 1286 1095 1359 Holarbrunen.

107 1397 189 1454 ¹⁷2⁰
276 1392 369 1466 ltem
391 1391 494 1467 Sifrit
523 1393 567 1467 de
592 1393 701 1468 Sulca
720 1393 898 1489 delegauit
912 1395 956 1466 ad
970 1391 1063 1467 idem
1083 1391 1193 1468 altare
1212 1394 1321 1470 Bald-

190 1500 316 1576 winum
341 1527 405 1600 per
432 1527 570 1576 manum
590 1477 763 1576 duelsridi
789 1503 834 1575 ad
864 1526 1004 1575 censum
1040 1501 1317 1578 Vnummerum.

91 1643 97 1654 ·
190 1609 312 1683 Testes
327 1610 402 1682 sunt
419 1609 613 1685 Hertwieh.
632 1610 716 1683 item
734 1609 1076 1684 dormiendum.
1096 1611 1318 1709 Engiiperht.

100 1731 183 1787 mec
275 1716 443 1790 Similiter
456 1717 687 1792 willihelmus
702 1717 878 1815 delegauit
893 1742 956 1817 per
970 1743 1109 1792 manum
1130 1718 1249 1793 fratris
1267 1720 1318 1793 sui

191 1825 396 1905 Himmanni
416 1825 622 1924 mancipium
634 1826 773 1900 nomine
784 1822 877 1900 Prin
898 1827 942 1899 ad
956 1826 1133 1904 ceniumv
1152 1827 1319 1903 denarie·

192 1959 281 2008 rum.
302 1933 423 2006 Testes
436 1945 516 2007 sunt
533 1933 670 2008 Arnolt.
686 1910 852 2009 (idalrieh
872 1934 1048 2031 Wefignni
1069 1936 1226 2009 Gnanno.

123 2060 175 2114 rra
274 2040 1315 2142 SimiliterRetherdelegauitpermanvsGerungi.aneillam

193 2151 332 2226 nomine
351 2149 577 2224 christinam.
602 2150 705 2240 Quod
726 2150 891 2226 testantur
919 2151 1073 2227 Altman.
1096 2152 1316 2252 Meginwart.

193 2254 387 2333 Prainwart.
403 2258 632 2356 supradictus
648 2261 844 2358 Gerungus.

99 2373 184 2429 1⁷5⁰
276 2366 446 2440 Similiter
468 2366 595 2443 Arnolt
618 2367 662 2441 de
688 2370 928 2468 Pengaran
957 2367 1135 2466 delegauit
1157 2392 1221 2468 per
1241 2395 1318 2444 ma·
1389 2374 1390 2377 ’

191 2499 273 2550 num
284 2474 431 2548 Peniriei
443 2473 650 2572 mancipium
665 2476 803 2550 nomine
818 2475 986 2562 Perhtelt‚
1003 2477 1048 2550 ud
1063 2478 1200 2552 eenl’vm
1212 2495 1240 2556 v
1251 2479 1318 2554 de·

103 2625 104 2629 =
191 2583 382 2657 uariorum.
395 2581 496 2670 Quod
507 2583 770 2659 testanturidem
779 2582 1207 2661 Pezirichuttwinfrater
1217 2612 1318 2661 man·

194 2687 275 2791 cipii
296 2689 450 2765 Sihreht.
470 2692 652 2790 Reginsrit.
672 2692 850 2767 Weisker.

101 2797 185 2855 ¹⁷⁶⁰
271 2798 358 2873 item
386 2800 579 2898 Luipeldus
606 2802 650 2875 de
677 2800 916 2899 Redigeistors
941 2802 1083 2875 tradidit
1109 2801 1317 2902 mancipium

190 2907 332 3008 nemine
351 2908 416 2981 Dia
436 2910 479 2979 ad
506 2907 644 2982 censum
665 2926 693 3001 v
721 2908 941 2983 denariorum
961 2910 993 2981 in
1017 2911 1166 3008 presenti
1186 2911 1318 3007 absque

62 3041 65 3047 ¹
193 3017 284 3090 omni
305 3016 519 3090 conditione.
539 3017 728 3090 manerium
747 3043 832 3091 uero
853 3017 885 3090 in
906 3010 1030 3092 eodem
1045 3018 1123 3093 loeo
1138 3020 1235 3092 fitum
1257 3019 1316 3094 iub

194 3124 393 3199 conditione
414 3123 516 3197 huius
533 3125 828 3225 peregrinationis
851 3127 894 3199 ad
915 3125 1083 3201 Sanctum
1097 3127 1268 3202 daeobum
1293 3130 1317 3202 ti

192 3258 262 3308 non
294 3243 503 3339 reuertatur.
553 3233 656 3321 Quod
688 3233 854 3310 testantur
889 3234 1048 3309 Perhtolt
1083 3235 1168 3310 item
1203 3236 1350 3312 Perh··

191 3343 273 3415 tort.
314 3337 470 3416 Ridwin.
504 3341 725 3445 Engilberht.
766 3341 914 3418 Eaman.
950 3343 1099 3418 Hernist.
1132 3344 1315 3420 Adalhart

197 3449 388 3523 Hertwieh.

103 3553 189 3612 ¹⁷⁷⁰
245 3577 248 3584 ·
283 3555 451 3631 Similiter
484 3560 648 3657 Wieputo
674 3561 717 3635 de
742 3558 851 3634 Hert
869 3559 1013 3633 tradidit
1031 3559 1076 3632 ad
1093 3558 1185 3633 idem
1204 3561 1318 3637 attare

191 3664 347 3762 Gerbirg
361 3673 396 3738 et
414 3665 519 3739 filium
541 3671 616 3742 eius
636 3668 880 3766 Wiepotonem
895 3668 940 3740 ad
959 3668 1096 3743 censum
1110 3684 1137 3745 v
1152 3670 1317 3745 denario·

188 3797 279 3847 rum.
295 3773 397 3863 Quod
412 3773 588 3850 testantur.
609 3777 694 3852 Otto
714 3774 895 3852 Heinrich.
909 3775 1091 3862 Hirzman.
1106 3776 1335 3853 Perhteldus·
1351 3825 1354 3833 ·

189 3882 359 3960 diabotus.
378 3881 589 3975 Adeibertus
596 3885 640 3959 de
657 3884 831 3960 Nundori.

94 3990 178 4049 ¹⁷8⁰
270 3992 348 4066 Hae
364 4015 502 4087 quoque
517 3993 659 4091 sylentio
676 3994 819 4068 tranfire
833 3994 994 4068 nolumus
1009 3991 1102 4091 quod
1114 3993 1196 4069 dux
1215 3994 1316 4067 Liu-
1386 4090 1389 4096 .

55 4126 65 4142 ·
186 4100 357 4201 poldus
380 4099 530 4196 sagiauit
557 4100 657 4199 super
676 4103 786 4177 attare
805 4100 937 4194 Sancte
960 4101 1069 4194 Μανίᾳ
1090 4101 1315 4194 Maehtiidam

184 4235 262 4288 eum
279 4207 388 4282 fratre
399 4209 459 4281 suo
476 4204 692 4282 Ridmirndo.
712 4212 756 4286 ad
769 4212 945 4287 ceniumv
962 4209 1195 4312 denariorum.
1213 4209 1316 4298 Quod
1416 4269 1418 4274 a

182 4316 650 4394 radanturndetbertus
665 4317 823 4392 Comes
832 4320 882 4391 de
902 4318 1048 4416 Pogen
1066 4316 1251 4394 Odalrieus
1271 4320 1315 4392 de

182 4427 364 4502 Stiuvene.
386 4425 498 4499 Bene.
519 4424 711 4522 Meginsrit.
733 4427 939 4500 Hartwicus.
