3008 5070
306 458 359 536 80
663 453 755 520 con.
781 406 1076 521 renorrronon

305 623 478 722 Repeto
499 621 552 694 de
571 619 885 696 Chrieendort.
915 619 1146 717 delegauerit.
1176 638 1214 701 v.
1243 627 1430 728 mancipie
1477 616 1479 621 ’

304 730 468 805 videlicet
492 729 695 805 Heinrieum
721 741 757 804 et
775 727 922 804 Rihnem
948 728 1104 803 sororem
1130 730 1225 805 suem
1251 756 1334 807 cnm
1360 736 1436 810 filiis

303 839 374 914 tuis
386 862 594 934 omnemque
612 837 850 937 posteritatem
865 861 986 912 eorum
1000 837 1221 935 superarem.
1242 839 1285 914 S.
1300 842 1430 939 Mario:

304 948 361 1021 ad.
386 965 425 1026 v.
455 947 618 1021 denarios
622 945 813 1062 'annuatim
831 944 1025 1020 soluendos.
1055 958 1091 1023 et
1109 946 1134 1020 fi
1154 972 1217 1045 per
1235 951 1313 1025 trel'
1326 951 1436 1027 annos

304 1082 373 1131 non
398 1054 628 1154 persoluerint
654 1055 742 1129 serui
770 1053 833 1128 sint
856 1053 1021 1147 ecclesio.
1062 1053 1129 1128 nisi
1155 1056 1190 1130 se
1217 1057 1265 1131 od
1283 1061 1430 1135 eundem

303 1164 441 1239 censum
459 1162 644 1238 redimant.
672 1161 784 1238 Huius
803 1162 855 1236 rei
873 1160 977 1237 testes
985 1172 1077 1236 sunt.
1105 1162 1260 1239 Ramunt
1275 1167 1321 1242 de
1336 1168 1430 1243 Len-

303 1272 456 1369 genvelt.
484 1271 670 1346 Eberhort.
700 1269 875 1344 Wichart.
904 1271 1043 1345 Merbot
1061 1272 1331 1372 doHintpereh.
1357 1278 1430 1351 Du·

302 1379 411 1455 rinch.
444 1378 584 1454 Rddols.
612 1378 817 1478 Reinpreht.
844 1378 1022 1451 Heinrich.
1042 1378 1221 1478 Reinpert.
1240 1382 1428 1461 Meinhert.

302 1488 482 1590 dreigo:
510 1488 692 1562 Hermen.
728 1487 907 1561 dietmar:
937 1486 1109 1562 reinolt.
1139 1464 1275 1564 orno.
1307 1490 1428 1589 cnon-

302 1607 370 1672 rot.
403 1598 450 1671 Hi
476 1598 599 1671 omnes
620 1597 663 1669 de
684 1593 924 1671 Chricendorf
938 1594 1090 1671 fuerunt.

384 1705 456 1780 va
472 1703 688 1781 Gotochaico
708 1703 894 1802 prepofito.

196 1824 283 1880 ³810
382 1815 468 1889 Post
486 1813 553 1888 hee
570 1837 681 1913 paruo
700 1823 859 1911 tempore
878 1810 1074 1888 interiecto.
1106 1813 1267 1914 prefatus
1286 1815 1425 1916 Repeto

300 1922 462 1998 ancillam
487 1922 579 1996 suam
598 1919 738 1995 nominc
757 1919 914 2019 lrmgard
940 1927 976 1993 et
1000 1919 1091 1996 titios
1114 1922 1190 1997 cius
1210 1923 1425 2001 Heinrieum.

299 2031 537 2106 Perhtoldum.
575 2028 767 2105 dihertum.
810 2052 1020 2124 omnemque
1046 2030 1284 2128 posteritatem
1304 2058 1425 2110 eorum

298 2139 445 2215 tradidit
470 2138 510 2211 S.
529 2137 639 2230 Mario
666 2137 727 2213 sub
754 2137 878 2212 codem
903 2137 1102 2212 conditione
1128 2164 1196 2236 qua
1219 2152 1256 2216 et
1274 2141 1422 2241 priores.

298 2247 354 2320 {sti
379 2246 483 2321 testes
500 2256 580 2321 sunt
597 2246 697 2320 huius
715 2244 779 2319 rei.
808 2243 986 2319 Hartwiclr
1004 2245 1211 2321 Churnhais.
1244 2249 1421 2326 Herwich.

297 2355 452 2455 Livpolt.
480 2353 655 2430 Eberhart
674 2352 879 2430 monachus.
907 2354 1088 2450 Meingoz.
1117 2357 1282 2457 Volmer3
1311 2358 1423 2434 Eber-

297 2463 388 2540 hert.
416 2462 575 2562 dereht
601 2488 721 2538 cocus.
758 2463 800 2536 de
830 2460 1069 2537 Chricendorf
1083 2462 1254 2540 Chdnrat.
1291 2467 1420 2543 Adher:

298 2570 486 2668 Engildieh
504 2582 606 2670 pater
626 2569 893 2671 mancipiorum.
927 2570 1109 2647 Heinrich.
1138 2570 1280 2649 Rddolf.
1307 2575 1421 2651 Mein·

296 2679 386 2754 hert.
422 2680 601 2756 Heinrich.
635 2679 793 2756 Herlieb.
829 2677 1006 2755 Gerunch.
1028 2690 1064 2755 et
1088 2680 1147 2755 alii
1170 2706 1275 2780 quem
1293 2684 1418 2784 plures.

378 2788 451 2863 Srb
471 2789 554 2862 Got.
574 2786 657 2887 ppo.

223 2907 277 2960 ³82
375 2896 576 2994 Cognoscat
602 2896 716 2969 omnis
736 2896 812 2971 etas
824 2894 1005 2992 utriusque
1024 2897 1134 2971 sexus.
1167 2899 1421 2998 quodquidam

294 3004 524 3080 ministerialis
538 3004 801 3102 ducisLivpoldi
814 3003 953 3078 nomine
972 3005 1085 3079 Albe
1098 3014 1200 3080 rtus
1220 3009 1270 3082 de
1291 3009 1418 3084 Phoi-

294 3114 443 3191 steten.
470 3112 541 3187 tria
558 3112 728 3187 beneficio
746 3110 909 3187 Pernrut.
936 3124 971 3187 et
990 3113 1057 3188 duo
1077 3114 1338 3194 Gunthorl'dorf
1354 3144 1418 3218 po·

292 3223 377 3298 tenti
406 3248 509 3296 manu
534 3222 636 3318 super
661 3245 769 3295 aram.
799 3221 841 3294 S.
861 3221 971 3294 Marie
991 3222 1220 3321 delegaverit.
1249 3250 1319 3304 uno
1338 3251 1417 3302 cum

292 3357 398 3407 uxore
430 3332 491 3407 sua
521 3356 585 3429 pro
614 3331 769 3404 remedio
798 3329 912 3423 animp
937 3327 998 3404 filii
1017 3330 1066 3403 rui
1084 3332 1224 3408 nomine
1243 3331 1418 3411 Chalhohi

292 3440 407 3513 occid.
436 3442 560 3513 eadem
587 3440 642 3514 die
671 3436 802 3512 ibidem
822 3437 953 3538 sepulti.
988 3438 1048 3512 rub
1073 3442 1197 3514 eadem
1217 3441 1417 3519 conditione

138 3574 142 3581 ¹
291 3546 415 3621 relicta
433 3549 507 3623 eius
526 3574 631 3622 unum
650 3546 856 3622 beneficium
876 3546 1124 3646 Radinprunne
1144 3549 1188 3623 de
1205 3550 1416 3647 patrimonio

291 3656 351 3730 suo
371 3667 407 3729 et
428 3656 514 3729 duas
526 3655 648 3731 uineas
662 3653 927 3731 Gundremdorf
941 3656 1093 3729 tradidit.
1120 3658 1230 3732 Huius
1244 3658 1297 3734 rei
1312 3659 1417 3735 testes

291 3775 385 3838 sunt.
422 3763 515 3837 idem
540 3765 704 3839 dlbcrtus
731 3765 773 3838 de
802 3762 1003 3837 Phafstetin.
1033 3764 1117 3841 Otto
1144 3777 1314 3865 cognatus
1340 3768 1416 3842 eius

289 3872 333 3946 de
352 3868 515 3946 Miffowe.
544 3883 578 3945 et
598 3873 726 3948 iratres
746 3870 823 3947 cius
843 3871 923 3945 Elio
943 3885 978 3947 et
1003 3874 1199 3950 Choihoch.
1234 3883 1271 3951 et
1284 3876 1414 3951 Adher:

289 3980 469 4054 Chalhoch
489 3981 532 4052 de
551 3980 993 4056 Mulbaoh.›Dietrieus
1012 3993 1054 4057 et
1074 3982 1217 4059 frater
1236 3983 1337 4058 eius
1364 3986 1414 4060 do

289 4087 569 4164 Lihtinstein.
613 4090 766 4188 Repeto.
813 4091 922 4164 Adher
950 4090 993 4161 dc
1025 4090 1170 4165 Sclwin.
1223 4091 1416 4168 Heinricus

289 4198 331 4272 de
353 4198 578 4298 Steinperch.
605 4198 732 4272 Ortoli'.
761 4210 797 4273 et
811 4199 901 4272 fidius
916 4198 992 4271 cius
1008 4200 1171 4274 Gerunch
1188 4201 1415 4300 deRul'pech.

289 4305 475 4380 Heinricus
494 4308 537 4381 de
556 4305 777 4381 Hertinstein.
806 4307 910 4403 Hugo
931 4308 973 4380 de
993 4308 1240 4386 Modianl'dorf.
1268 4310 1415 4386 Heinri-

288 4439 352 4489 cus
379 4415 423 4489 de
440 4414 675 4517 Durrinpach.
707 4416 791 4491 Otto
815 4416 858 4489 de
877 4415 1051 4490 Mulbach.
1081 4416 1263 4494 Chalhoch
1282 4419 1413 4497 Ahtnr:
