3008 5070
298 484 378 562 208
656 479 750 546 con.
773 475 1062 547 remmonnn

298 639 530 721 dedicationis
551 668 655 719 unam
682 645 842 721 annalem
867 645 1024 722 similiter
1051 647 1260 723 relaxamus.
1292 645 1420 722 Datum

299 753 528 851 Salcabnrge.
553 777 644 830 anno
659 754 801 830 Domini
813 768 1049 851 nummip-
1067 755 1177 833 Nonis
1194 755 1420 832 Novembris.

779 934 921 1009 xxm

299 1072 418 1127 Bieehof
438 1073 547 1127 sonam
571 1088 627 1126 ron
653 1072 798 1127 chiemsee
816 1072 940 1127 rerleiht
963 1074 1015 1128 der
1032 1072 1219 1128 Stiltakirehe
1240 1075 1329 1128 einen
1347 1077 1422 1131 vier-

423 1162 586 1232 aigtigigeu
603 1162 718 1217 Ablue.
742 1162 885 1232 Salthurg
913 1164 967 1219 dea
983 1169 1011 1220 5.
1028 1167 1186 1219 December
1213 1165 1296 1219 lm.

378 1293 556 1367 lohannes
575 1293 641 1367 Dei
668 1294 785 1392 gratia
801 1294 954 1371 ecclesie
986 1295 1208 1371 chiemensis
1236 1294 1422 1394 episcopus

300 1402 462 1475 rniuerbs
477 1400 608 1475 Christi
626 1401 784 1476 fidelibus
797 1402 943 1476 salutem
958 1404 994 1477 in
1007 1404 1195 1480 saluatore.
1209 1403 1422 1477 Sanctorum

301 1511 436 1584 meritis
460 1511 591 1608 inclyta
614 1512 743 1608 gandia
768 1511 849 1586 illos
876 1509 1006 1610 alisqui
1039 1513 1184 1590 minime
1213 1511 1420 1585 dubitamus.

300 1618 360 1716 qui
386 1645 506 1693 eorum
532 1620 729 1717 patrocinia
744 1645 808 1718 per
834 1619 1006 1718 condigne
1032 1621 1240 1696 denocionis
1261 1620 1423 1718 obsequia

299 1738 548 1827 permanenter
564 1727 729 1826 illumque
747 1739 961 1803 uenerantur
979 1729 1015 1802 in
1043 1730 1122 1827 ipbs
1140 1753 1291 1828 quornm
1309 1727 1423 1828 gloria

299 1845 356 1909 ost
373 1845 409 1906 et
426 1835 607 1909 retributio
626 1837 838 1910 meritorum.
870 1834 948 1910 Nos
966 1837 1083 1935 itaque
1101 1839 1159 1936 qni
1176 1837 1325 1912 salntem
1339 1859 1425 1933 aug·

300 1954 457 2018 mentare
475 1942 634 2042 cupimus
651 1944 770 2044 populi
789 1944 975 2019 Christiani
986 1956 1025 2020 nt
1038 1944 1176 2020 facilius
1189 1944 1292 2045 polfit
1306 1955 1424 2020 eterne

300 2051 524 2126 beatitudinis
542 2053 671 2148 gaudia
690 2052 843 2150 adipisci.
862 2053 1024 2129 omnihus
1042 2055 1101 2151 qui
1119 2052 1307 2129 adscitum
1326 2052 1425 2126 dedi·

301 2159 458 2234 cacinnis
478 2159 628 2233 ecclesie
649 2159 781 2236 Sancte
799 2160 913 2236 llarie
930 2161 966 2234 in
984 2160 1196 2237 Nembnrcb
1210 2160 1426 2235 Pataniensis

302 2267 478 2368 dyocesis.
506 2279 543 2340 et
567 2267 604 2341 in
628 2269 939 2366 sollempnitatibus
964 2268 1075 2367 ipsius
1101 2270 1256 2370 gloriola
1279 2267 1427 2366 virginis

276 2376 430 2482 ⁸deuote
449 2373 651 2451 accederint
670 2378 812 2452 contriti
830 2389 866 2453 et
885 2377 1028 2453 consesti
1045 2395 1101 2459 xl.
1119 2377 1250 2454 diesin
1267 2377 1423 2476 quolibet

301 2483 465 2558 festorum
484 2485 731 2582 predictorum.
750 2495 785 2559 et
804 2488 839 2560 in
865 2485 951 2561 sebo
969 2486 1206 2563 dedicationis
1232 2511 1340 2560 unam
1358 2509 1422 2559 au·

301 2591 418 2665 nalem
432 2592 478 2668 de
492 2593 644 2667 iniuncta
656 2596 709 2669 eis
720 2594 913 2693 penitentia
922 2595 1192 2671 misericorditer
1211 2594 1420 2670 relaxamus.

299 2700 427 2775 Datum
458 2698 691 2805 Saleaburga.
723 2727 815 2778 anno
847 2703 988 2779 Domini
1025 2718 1280 2804 uwmup.
1311 2700 1421 2777 Nonis

300 2806 520 2886 Decembris.
