3008 5070
181 475 250 556 '60
553 474 645 541 001).
662 474 954 543 rssnnrnonlnr

195 638 312 739 aliquo
324 637 493 716 heredum
507 638 583 714 eius
591 639 753 737 predicte
763 639 964 716 restituatur
976 639 1058 716 hnic
1069 639 1223 737 ecclesie
1237 666 1326 742 pec·

195 746 311 826 cunio.
333 747 435 837 Quod
453 746 556 845 supra
574 749 657 823 dicti
675 747 843 825 testentur
859 749 975 825 testes.
997 749 1101 824 etalii
1120 775 1224 848 quern
1243 752 1324 852 plu·

195 882 268 932 res.
287 859 327 931 ln
340 881 489 956 quorum
509 856 684 954 presentia
708 855 930 932 collaudauit.
956 858 1037 933 utsr
1062 855 1122 955 ipli
1140 857 1198 932 vel
1216 859 1326 937 liere-

196 965 298 1040 dibus
311 964 381 1039 suis
393 965 549 1039 uendere
567 965 734 1062 placeret.
761 965 847 1040 nulli
865 977 983 1063 preter
1010 967 1054 1040 ed
1086 965 1177 1042 hene
1201 967 1324 1043 coele

195 1072 287 1148 siem
302 1076 487 1149 emendum
506 1072 617 1148 daret.
632 1099 745 1171 neque
764 1075 1036 1173 inpignorareut.
1056 1073 1121 1148 nisi
1140 1100 1207 1174 pro
1224 1085 1325 1151 tento

166 1226 168 1230 Δ
198 1181 359 1283 pecunie.
375 1189 537 1278 quante
556 1185 799 1284 (quantumin
816 1182 916 1256 nohis
935 1192 1214 1258 emutueverunt.

104 1299 191 1359 eoec
277 1289 1325 1390 AdehertusaduocatostradiditsupereltareSenete

197 1397 310 1491 Mario
329 1397 521 1474 Niumhurc
539 1397 680 1472 hicilem
700 1399 887 1473 otbertum
911 1407 946 1474 et
966 1399 1100 1473 Gonam
1119 1400 1165 1474 ed
1183 1400 1323 1475 censum

196 1505 479 1586 V.denoriorum.
500 1503 710 1582 chunradus
729 1514 766 1581 et
788 1507 954 1603 Tegliuh.
980 1507 1146 1581 Hermen.
1173 1506 1326 1583 Hertsrit

197 1612 435 1690 Herborthos
453 1614 598 1690 tradidit
622 1614 802 1711 liupoldus
821 1615 866 1688 ed
886 1615 1023 1689 consum
1032 1631 1069 1695 v.
1090 1640 1322 1691 nummorum.

55 1788 57 1792 ,
127 1735 181 1792 eoo
278 1721 509 1798 Notificamns
519 1721 655 1797 cunctis
658 1721 791 1798 Christi
804 1722 963 1797 fidelibus
973 1724 1064 1823 quod
1078 1723 1324 1800 uidueChel·

197 1828 307 1907 hohi
325 1832 376 1907 de
411 1829 673 1929 'sulbingen
692 1855 770 1930 ¹pro
798 1831 908 1931 ipsius
936 1833 1051 1926 anime
1078 1832 1323 1933 redemptione

197 1938 401 2015 dnoellodio
419 1938 700 2018 vrolsestnle.
722 1939 791 2014 site
803 1938 964 2039 presente
980 1939 1247 2016 duceHeinrieo
1267 1942 1321 2016 nl·

196 2045 267 2123 tnri
278 2048 413 2123 Sancte
427 2044 538 2121 Merie
559 2046 786 2147 delegaverit.
802 2047 904 2137 Quod
913 2047 1079 2123 testantur
1097 2047 1227 2124 Ernst
1245 2047 1324 2126 (lo-

196 2179 261 2231 me
272 2155 290 2228 s
303 2154 513 2230 stembertus
531 2163 633 2254 peter
652 2155 726 2231 eius
748 2166 784 2231 et
802 2155 1007 2231 Herbordus
1032 2156 1142 2232 sruter
1167 2156 1324 2232 eiusdem

196 2257 403 2339 lledmidis.
423 2237 608 2338 (idulrious
626 2278 663 2338 et
676 2263 784 2341 freter
797 2265 873 2339 eius
887 2263 1040 2338 Sisridus
1058 2266 1103 2341 de
1118 2264 1325 2341 Chronech·

196 2369 297 2448 bere.
318 2345 502 2447 (ldelrions
515 2372 559 2447 de
568 2368 806 2448 Swernennit.
823 2347 1009 2448 (ldelricus
1022 2373 1065 2449 de
1073 2374 1194 2450 Alern.
1205 2372 1324 2450 Eber-

196 2503 280 2556 men
297 2482 342 2556 de
359 2479 506 2578 Aspero.
525 2489 563 2555 et
579 2481 698 2580 plures
716 2481 787 2557 elii.

126 2597 181 2653 ³¹⁰
279 2587 366 2663 ltem
381 2587 602 2664 notificemus
617 2587 750 2664 Christi
763 2589 921 2665 fidelibus
941 2588 1037 2687 quod
1053 2588 1275 2665 Adellreid
1285 2589 1323 2665 ir

196 2696 218 2771 s
221 2719 330 2773 oror
347 2721 400 2770 no
411 2706 507 2772 stre
531 2698 603 2773 tilio
627 2696 785 2772 Heinrici
812 2697 873 2797 qui
890 2697 1018 2773 dicitur
1035 2696 1146 2772 unndt
1163 2697 1324 2796 presente

196 2813 298 2907 petre
326 2814 362 2880 ot
386 2802 495 2880 sretre
522 2806 694 2882 Adeloldo
713 2806 845 2882 ceteris
870 2804 1169 2881 consentientibus
1194 2806 1325 2881 allodia

195 2927 240 2993 ll·
251 2913 287 2987 in
304 2912 387 2988 uilla
405 2938 472 3012 que
487 2912 846 3014 diciturNuncingen.
868 2913 968 2989 elteri
982 2913 1235 2989 SancteMnrie
1249 2923 1325 2989 tre-

196 3019 296 3100 didit.
315 3020 420 3112 Quod
438 3020 606 3098 testantur
623 3023 807 3098 Hoholdus
826 3025 870 3097 de
889 3024 1021 3099 llorne.
1041 3025 1122 3098 Duo
1141 3022 1325 3098 Adelberti

197 3140 235 3206 et
252 3128 423 3230 Rudigeri
443 3129 486 3204 de
504 3130 761 3208 Mertinesdors.
775 3130 934 3207 Perhtolt
952 3133 996 3205 de
1014 3130 1284 3230 Liupoldisdors.

125 3257 178 3313 err
278 3233 367 3314 ltem
386 3249 511 3313 notum
539 3239 690 3316 fecimus
714 3241 875 3315 omnihus
894 3236 1024 3313 curisti
1044 3238 1203 3315 fidelibus
1230 3238 1325 3337 quod

197 3345 349 3446 quedem
363 3344 488 3422 mulier
506 3375 547 3423 ex
562 3350 672 3425 altere
686 3359 785 3447 perte
801 3346 943 3423 danubii
956 3349 1095 3422 nomine
1110 3347 1235 3429 Heilce
1250 3361 1326 3423 tre·

196 3451 287 3530 didit
300 3455 345 3530 ed
360 3478 455 3529 eram
471 3456 603 3534 Sancte
613 3456 723 3533 Mario
741 3457 776 3530 in
792 3458 848 3532 die
862 3455 1088 3554 susceptionis
1100 3455 1161 3529 lilii
1174 3454 1225 3529 sui
1238 3456 1325 3530 Dio·

195 3561 288 3638 trich
306 3561 597 3643 consentientibus
616 3564 783 3643 frutribus
797 3576 834 3641 et
847 3564 1022 3639 sororibus
1041 3563 1192 3639 eiusdem
1210 3562 1325 3662 pueri,

192 3668 324 3756 ,curtile
343 3696 449 3744 unum
467 3698 546 3749 cum
566 3676 659 3776 egris
677 3672 750 3749 illic
768 3672 1008 3749 ediscentibus
1025 3672 1061 3745 in
1080 3671 1164 3746 uilla
1181 3697 1249 3770 quo
1270 3672 1326 3747 di·

198 3777 290 3855 citur
309 3778 486 3857 Howen.
506 3783 618 3860 Huius
639 3781 693 3859 rei
710 3782 815 3858 testes
836 3782 913 3856 sunt
932 3777 1154 3859 Chdnredus.
1180 3781 1327 3855 Rnkke·

195 3881 635 3992 leuh.Chs1ret.Rs1diger.
654 3891 789 3967 lllrem.
809 3890 986 3966 Gerunch.
1005 3889 1171 3988 Rudiger.
1192 3889 1227 3962 hi
1247 3916 1325 3964 om·

196 4020 261 4070 nes
280 3996 324 4070 de
343 3994 423 4071 soro
439 4022 480 4071 ex
495 3997 605 4074 ultera
623 4007 727 4103 purte
742 3997 894 4074 denuhii.

125 4113 180 4168 ³¹2
279 4102 427 4211 Cunctis
447 4104 578 4183 Christi
606 4107 763 4183 fidelibus
791 4118 909 4182 notum
939 4131 1018 4181 esse
1046 4106 1206 4180 nolumus
1233 4106 1326 4202 quod

198 4211 359 4287 dominus
379 4214 626 4290 (ldelriens
646 4220 695 4291 de
714 4215 883 4316 Aspero
903 4215 1048 4289 tradidit
1068 4212 1170 4287 altari
1191 4210 1326 4287 Sancto

173 4388 178 4399 .
197 4319 309 4394 Merie
328 4345 391 4420 pro
410 4324 657 4423 redemptione·
670 4327 783 4399 anime
802 4323 919 4398 uxoris
938 4324 995 4397 sue
1015 4323 1177 4398 allodium
1192 4321 1228 4393 in
1242 4320 1327 4397 uilla

198 4452 266 4528 que
287 4427 416 4505 dicitnr
433 4432 588 4510 Welch
600 4430 912 4508 iinschirchen
933 4432 1025 4508 eliud
1041 4456 1180 4532 quoque
1192 4429 1228 4502 in
1242 4430 1325 4504 uilla
