3008 5070
285 469 336 544 7²1
635 455 726 521 coo.
752 450 1043 520 runnrrrouuu

284 629 423 704 Hailea.
457 625 529 700 fisis
546 621 694 724 predicti
715 619 937 698 Gnanesonis.
966 620 1093 693 debent
1110 619 1243 696 babere
1264 623 1416 698 cundem

283 738 431 812 fundum
472 731 539 808 boc
574 740 693 834 pacto.
726 739 767 803 ut
802 727 944 824 singulis
975 727 1074 802 aunis
1109 729 1248 804 soluant
1282 730 1416 826 Sancte

286 843 399 937 Marip
431 840 666 916 Niwenburcb
705 837 780 911 tres
812 836 948 911 solidos.
1004 836 1045 911 Si
1086 863 1170 913 uero
1215 838 1418 936 supradicta

286 953 424 1027 Hailca.
450 949 521 1023 silio
539 947 686 1050 predicti
709 944 932 1021 Gnanelonis.
959 947 1089 1044 absque
1120 945 1246 1021 liberis
1277 946 1416 1024 obierit.

286 1063 343 1135 uir
362 1059 437 1134 cius
457 1056 675 1133 Guntsridus.
706 1054 813 1131 debet
843 1053 973 1129 babere
1005 1056 1128 1129 eodem
1157 1065 1277 1155 pacto.
1307 1081 1418 1155 usquc

288 1168 480 1244 adobitum
498 1167 607 1240 suum.
636 1166 724 1241 Post
752 1161 885 1238 obitum
913 1189 999 1239 uero
1027 1163 1140 1263 ipsius.
1160 1163 1291 1240 sundus
1314 1165 1418 1240 debet

289 1275 407 1352 redire
438 1276 484 1352 ud
518 1275 734 1373 parentelam
767 1270 929 1346 mulieris.
963 1271 1075 1347 Huius
1109 1270 1159 1347 rei
1192 1273 1302 1348 testes
1329 1274 1417 1350 sunt.

291 1384 450 1461 Gnanelo
494 1383 538 1458 de
579 1379 806 1479 Egcnburch.
849 1376 1007 1454 Ainmfit.
1050 1379 1195 1455 Obarlo.
1246 1382 1417 1459 Dietricb.

291 1492 458 1567 Gundolt.
487 1493 653 1566 Hermon.
683 1488 843 1588 Pilgrim.
873 1488 1050 1565 Geruncb.
1078 1490 1212 1564 Omnes
1227 1490 1264 1563 bi
1288 1493 1332 1566 de
1355 1491 1419 1565 Ni-

290 1600 491 1675 wenburcb.
525 1600 705 1675 Herbrebt
733 1609 769 1672 ct
798 1598 909 1671 srater
934 1596 1009 1673 cius
1044 1596 1252 1674 Guntsridus
1279 1599 1324 1674 de
1349 1601 1421 1674 En·

316 1708 484 1785 euburch.

201 1834 257 1887 555
289 1735 316 1810 g
372 1816 504 1893 Notum
522 1816 564 1891 srt
582 1825 654 1891 tom
669 1814 886 1915 presentibus
901 1839 1004 1911 quam
1019 1814 1145 1890 suturis
1155 1815 1421 1912 quodErchen-

289 1927 411 2002 bertus
441 1925 557 2001 senior
587 1922 793 1999 castellanus
825 1923 869 1998 de
902 1925 1012 1998 Gorse
1047 1922 1223 2021 quoddam
1256 1924 1418 2022 predium

290 2034 504 2134 Egeuburob
529 2032 628 2106 situm
654 2043 690 2109 et
715 2033 887 2128 quendam
905 2032 1043 2107 seruum
1061 2033 1156 2107 suum
1174 2033 1318 2107 nomine
1339 2032 1421 2132 Sig-

288 2144 459 2219 boronem
474 2140 532 2239 qui
547 2138 685 2238 presato
702 2140 823 2240 predio
838 2140 1103 2216 inbeneficiatus
1113 2148 1202 2215 erat.
1232 2140 1422 2239 delegauit.

292 2253 393 2350 super
412 2250 524 2323 altare
545 2249 679 2343 Sancte
698 2249 811 2344 Marie
830 2248 1080 2324 Niwenburcb.
1109 2275 1153 2324 ea
1168 2248 1372 2324 conditione
1387 2261 1423 2325 ut

291 2360 385 2434 idem
411 2357 533 2432 seruus
555 2382 619 2458 pro
647 2358 791 2433 obtentu
819 2357 977 2433 eiusdem
995 2357 1170 2432 beneficii.
1208 2358 1422 2432 consume

291 2463 1421 2566 NiwenburgensicenobiopersoluendumRomane

295 2574 496 2669 55515515
523 2573 948 2649 Romamdeserret:
977 2574 1049 2648 uel
1068 2575 1316 2672 spadonem
1342 2598 1424 2649 ac·

294 2684 629 2758 commodaret:
660 2681 773 2771 Quam
799 2682 1056 2781 delegationem
1082 2681 1232 2784 predicti
1258 2682 1423 2759 Ercbcn·

293 2790 386 2868 berti
403 2789 477 2866 filii.
502 2791 775 2865 srchenbenus
794 2801 831 2865 et
848 2789 1057 2888 Woisgerus
1075 2800 1340 2865 reuocauerunt
1359 2817 1424 2867 no·

292 2900 347 2975 bis
375 2899 584 2974 insinuantes
612 2900 706 2995 quod
725 2898 855 2997 prefati
874 2897 1084 2995 Sigbcronis
1097 2899 1248 2973 heredes
1262 2926 1306 2974 ex
1324 2910 1422 2995 patre

293 3035 337 3084 eo
364 3007 530 3083 defuncto
558 3005 735 3080 dimidium
760 3008 928 3081 talentum
945 3033 1010 3108 pro
1030 3007 1175 3082 obtentu
1192 3006 1296 3106 ipsius
1315 3007 1424 3082 benc·

294 3117 362 3190 sicii
380 3114 519 3214 singulis
533 3114 852 3213 annispersoluerc·
883 3117 1065 3191 deberent.
1094 3116 1205 3190 Huius
1221 3115 1424 3191 renouatio·

295 3225 350 3299 nis
362 3224 468 3300 testes
481 3222 665 3320 subscripti
684 3233 775 3297 sunt.
803 3222 991 3299 Heinricus
1010 3226 1055 3300 de
1073 3223 1259 3322 Pdebperc
1278 3223 1424 3298 erfilius

296 3333 373 3406 eius
399 3334 519 3429 Hugo.
557 3330 739 3408 Ortbolsus
764 3333 808 3407 de
835 3332 1086 3434 ledolss'perge.
1113 3332 1361 3407 Haidenricus.
1390 3341 1425 3406 et

296 3440 380 3517 Otto
400 3440 462 3516 filii
479 3440 643 3541 Wosgeri
662 3440 707 3517 de
725 3441 952 3537 Egenburob.
983 3439 1164 3516 denratb
1185 3443 1229 3515 de
1249 3439 1424 3516 1151115-

295 3548 314 3621 s
318 3573 427 3647 prun
446 3560 482 3624 et
502 3551 612 3625 sratcr
631 3549 705 3623 eius
726 3548 928 3647 Sigisridus.
957 3548 1185 3625 Eberhardus
1204 3549 1248 3625 de
1273 3549 1423 3646 Piugen.

296 3656 412 3753 Aigoz
432 3656 543 3733 srater
558 3657 775 3757 Sigbcronis.
805 3656 1069 3734 Erebenbertvs
1084 3658 1176 3733 tilius
1190 3656 1425 3733 Erebenberti

295 3765 444 3840 iunioris
462 3766 635 3840 castellani
662 3768 706 3841 de
727 3767 824 3840 Gors.
858 3838 862 3846 .

207 3891 260 3946 555
377 3872 508 3946 Notum
534 3875 572 3947 fit
597 3886 669 3949 tam
696 3875 913 3973 presentibus
940 3901 1043 3973 quam
1062 3874 1186 3949 suturis
1200 3873 1292 3971 quod
1312 3872 1427 3947 Eber-

296 3982 429 4057 bardus
457 3982 501 4057 de
522 3982 671 4056 Wienna
697 3994 733 4058 et
757 4010 845 4059 uxor
864 3983 938 4059 eius
956 3986 1080 4061 Adule.
1110 3983 1230 4058 uineas
1243 3983 1322 4056 suas
1337 4007 1426 4080 quas

296 4093 470 4167 babuerat
502 4091 691 4167 Otacberin
725 4091 920 4169 uendidcrit
951 4093 1103 4187 ecclesie
1140 4089 1427 4188 Niwcnburgenli

297 4225 373 4299 pro
399 4215 519 4281 ΧΗ.
544 4199 741 4275 talentis
762 4211 805 4275 et
831 4202 1007 4276 marcis.
1040 4201 1117 4291 Que
1141 4200 1305 4276 uendioio
1331 4199 1453 4287 sacta,

299 4320 353 4382 ost
372 4310 431 4383 sub
450 4308 622 4409 presentia
642 4322 677 4384 et
696 4308 890 4384 testimonio
912 4337 1032 4387 eorum
1054 4311 1112 4409 qui
1127 4311 1251 4385 uineas
1255 4309 1427 4383 incudem

300 4427 418 4491 monte
437 4418 657 4520 possederunt
676 4429 711 4494 et
730 4418 908 4517 possident.
