3008 5070
75 455 130 537 ω
506 452 602 520 cun.
623 452 911 523 uumrmcuuu
954 452 958 459 ’

96 632 185 692 aesc
279 616 412 695 Notum
433 617 474 694 ct
503 620 640 696 cunctis
670 619 804 697 Christi
832 620 1121 721 fidelihus-quud
1154 618 1308 697 domiuus

180 728 462 804 Adelhertus
492 727 543 804 de
568 728 878 805 Tiemendcrf.
905 728 1049 805 tradidit
1074 728 1184 830 super
1205 731 1307 806 alme

182 837 317 932 Sanctp
341 835 453 931 Marip
481 837 525 911 ad
556 838 695 912 censum
705 857 743 920 v,
772 839 1009 914 denariorum.
1037 837 1208 913 Perhtam
1231 865 1308 916 mm

181 945 262 1018 filiis
278 944 355 1019 iuis.
376 944 580 1020 Hainricum
613 971 694 1020 cum
710 945 789 1022 filiii
804 945 879 1021 suis.
900 947 1010 1021 Huius
1028 946 1082 1021 rei
1099 945 1209 1022 testei
1223 946 1308 1022 funt.

181 1051 356 1130 Rddclfus
368 1054 633 1129 flaeremannus.
650 1052 879 1156 Sigehardus.
892 1055 1083 1130 Adelhcrc.
1097 1052 1309 1154 Eucequirt.

88 1174 176 1233 mc
265 1160 397 1237 Notum
421 1161 581 1237 omnihus
608 1161 740 1240 Christi
759 1164 920 1239 fidelihus
936 1164 976 1239 fit
993 1163 1088 1262 quod
1105 1161 1311 1238 domiuus

181 1266 1311 1369 Engildicchdluihd.tradiditiupcraltereMarieGer·

181 1378 341 1453 drudam.
360 1377 404 1451 ad
423 1377 563 1454 censum
571 1394 608 1458 v.
628 1379 866 1455 denariomm.
884 1380 955 1454 hcc
972 1378 1153 1455 testantur.
1172 1376 1310 1455 Ditma·

180 1510 254 1562 rus.
274 1485 435 1562 etfledo.
454 1496 491 1562 ct
509 1485 709 1564 Guntherus
727 1498 828 1587 pater
846 1485 947 1585 iphus
964 1487 1134 1562 mulieris.

108 1619 163 1674 aas
260 1592 393 1670 Notum
420 1595 460 1670 fit
488 1595 648 1669 omnihus
669 1595 804 1671 Christi
828 1595 994 1683 fidelihus,
1020 1597 1115 1694 quod
1146 1592 1311 1671 Comei

179 1695 429 1779 Heiniicus
456 1703 506 1776 de
534 1702 884 1780 wolfrathusen
919 1704 1063 1778 tradidit
1095 1727 1162 1802 per
1186 1727 1311 1779 msuus

180 1809 476 1888 Vdalichalci
500 1810 671 1887 nobilis
687 1812 780 1887 uiri
799 1812 848 1888 de
867 1811 1036 1887 Walde.
1063 1802 1310 1909 Supcr'altarc

181 1918 314 1997 Sancte
333 1917 444 2012 Marie
463 1943 527 2020 pro
555 1920 664 1996 salute
685 1919 799 1996 anime
830 1921 890 2013 sup
923 1920 1081 2018 predium
1106 1920 1310 1996 Bucher-

179 2027 288 2105 dorf
306 2025 376 2102 tria
392 2026 562 2103 beneficia
590 2036 626 2103 et
652 2038 802 2130 pratum.
822 2038 857 2104 et
876 2026 1228 2104 Cewcntindorf
1240 2026 1310 2102 duc

177 2135 351 2214 beneficia
368 2143 404 2210 et
422 2136 457 2208 M
469 2137 616 2210 artinl'
619 2165 641 2238 p
652 2164 731 2212 run
742 2162 765 2210 n
776 2164 829 2213 en
846 2137 915 2210 tria
927 2137 1112 2212 hereticis.
1127 2135 1244 2211 Huius
1258 2134 1310 2210 rei

178 2242 386 2320 sunttches.
405 2241 848 2321 ComciWclskerus
867 2253 911 2319 et
930 2244 1084 2320 frater
1102 2242 1202 2319 cius
1228 2242 1312 2317 Ge·

178 2352 409 2428 hahardus
441 2353 491 2427 de
523 2352 668 2428 Stain.
688 2355 845 2431 Pahodc
871 2352 1017 2429 Shuncc.
1044 2351 1234 2428 Heinricus
1266 2352 1310 2426 de

179 2460 453 2537 Schalinchaim.
483 2459 640 2537 Chunrat
664 2462 707 2537 dc
726 2462 939 2561 Raihingeu.
962 2461 1139 2536 Adclherc
1164 2460 1211 2536 de
1231 2459 1309 2536 Au·

176 2567 262 2644 torf.
281 2569 427 2643 hiebart
446 2570 488 2645 de
507 2570 762 2669 Tulechingen.
777 2570 924 2647 dlhrich
944 2570 987 2645 de
1006 2568 1172 2643 Nivvare.
1195 2567 1311 2643 Hein-

177 2676 256 2752 rich
280 2678 498 2753 'l'rctemuuil
527 2680 571 2754 de
592 2677 807 2754 Bahcndcrf.
834 2678 1006 2754 Chunrat.
1033 2676 1217 2754 Heinrich.
1243 2678 1310 2752 vl·

174 2783 253 2863 rich
270 2785 373 2860 Poto.
753 2846 756 2853 .

105 2902 160 2959 2⁸⁹
256 2891 389 2969 Notum
410 2894 448 2970 ht
461 2894 599 2972 cunctis
613 2894 747 2972 Christi
765 2896 922 2972 fidelihus
937 2895 1027 2994 qvod
1045 2892 1309 2971 dominaddel-

176 3002 250 3080 heit
267 3027 332 3104 pro
352 3002 507 3079 remedio
527 3004 641 3100 animp
660 3006 728 3081 uiri
745 3005 805 3080 sui.
828 3004 956 3104 Opcldi
974 3003 1116 3079 tradidit
1133 3002 1235 3102 super
1253 3000 1310 3076 al·

176 3121 256 3188 tare
276 3110 408 3186 Sancta
427 3110 536 3208 Marip
553 3112 692 3189 vineam
711 3112 1024 3189 Phafcnstcnt.
1052 3111 1165 3187 Huius
1183 3110 1238 3185 rei
1250 3120 1309 3185 te·

178 3218 245 3296 hes
256 3219 346 3295 sunt.
363 3218 552 3319 Gerungus
566 3222 610 3297 dc
622 3221 853 3297 Suhinhirtin.
868 3212 1092 3297 Adelhertus.
1102 3218 1306 3297 Heinricus.

178 3328 388 3403 Richardus.
408 3327 610 3405 Heinricus.
630 3330 812 3406 hibertus.
831 3330 1036 3406 Rudwiuus.

106 3453 161 3509 acc
258 3435 390 3512 Notum
423 3436 586 3514 omnihus
617 3436 759 3514 Christi·
783 3438 942 3513 fidelihus
977 3436 1070 3536 quod
1101 3433 1309 3510 dominus

178 3541 500 3643 Regenhertus
519 3547 570 3621 de
590 3546 734 3622 Stirc.
754 3546 899 3622 tradidit
917 3547 1019 3643 super
1038 3545 1150 3619 altare
1170 3543 1308 3638 Sauctp

177 3652 289 3746 Mar-ip
309 3677 410 3728 omne
429 3654 590 3756 predium
610 3655 704 3754 quod
721 3653 918 3754 peffedcrat
936 3656 973 3729 in
991 3655 1071 3729 loco
1090 3651 1247 3751 Ertpcrc
1269 3659 1310 3726 et

178 3759 310 3835 Gruhe.
332 3757 422 3835 Cum
440 3761 512 3838 filia
525 3763 584 3839 sua
605 3762 749 3860 Otiliga.
769 3773 806 3839 et
820 3765 889 3839 hoc
902 3759 972 3862 per'
984 3786 1106 3836 manus
1125 3758 1310 3835 cuiusdam

178 3867 306 3944 nobilis
325 3866 391 3942 uiri
410 3869 570 3972 Pilgrimi
587 3898 714 3946 nouem
735 3872 864 3947 marcis
879 3873 922 3945 ah
938 3870 1062 3947 eadem
1077 3869 1230 3944 ccclesia
1247 3892 1310 3942 re·

178 3978 306 4077 ceptis.
339 3975 450 4052 Huius
479 3981 531 4054 rei
549 3979 654 4086 testes
668 3980 757 4055 funt.
785 3980 858 4080 ipsc
876 3979 1145 4079 chgeubcrtus
1159 3985 1196 4052 et
1213 3974 1309 4051 idem

176 4085 377 4184 Pilgrimus.
390 4086 609 4187 Wcligerus.
626 4088 825 4166 Vdalricus.
841 4089 1042 4164 Hartvicus.
1063 4093 1099 4160 et
1112 4084 1307 4160 filiuseius.

178 4194 444 4271 wolframmus.
465 4195 629 4273 Herraut.
649 4197 920 4295 Megenhardus.

87 4318 175 4375 acic
265 4304 396 4381 Notum
429 4305 469 4379 iit
501 4306 663 4382 omnihus
695 4306 789 4407 quod
820 4304 1025 4381 dominus
1055 4302 1210 4378 Archo
1253 4303 1308 4378 de

181 4409 306 4489 Stirc
326 4413 545 4511 delegaucrit
563 4414 666 4516 super
684 4416 796 4492 altare
816 4415 948 4492 Sancte
968 4411 1077 4490 Maris
1096 4411 1246 4489 Dimuth
1271 4422 1310 4487 et
