3008 5070
186 470 263 548 ¹92
533 466 628 534 (301).
650 463 940 532 TRADfflONUhs
1042 501 1044 504 ·

181 630 344 731 pontione
361 653 429 729 que
445 630 554 731 uulgo
572 631 701 708 dicitur
718 628 972 706 Perchreht
986 627 1022 703 in
1039 629 1175 729 tignum
1193 630 1302 710 domi·

180 741 230 815 nii
246 741 316 814 sibi
332 750 479 816 retenu.
506 744 637 816 Verum
655 765 720 841 pro
747 738 946 816 huiusmodi
968 737 1192 816 concessione
1211 741 1305 818 sacto

180 849 362 949 predictus
386 850 470 925 Otto
486 850 553 925 tria
569 850 704 924 talenta
716 849 939 923 denariorum
946 848 1152 924 Wrcnensis
1165 862 1307 928 moneta

180 957 356 1057 preposito
373 958 582 1033 numerauit.
601 957 671 1033 fide
681 957 763 1037 data
775 957 983 1054 promittens
992 957 1087 1055 quod
1096 957 1308 1057 inposterum

182 1063 369 1139 ecclesiam
399 1066 711 1166 Niumburgcnsem
735 1063 770 1138 iu
794 1064 926 1162 prediis
950 1063 1020 1139 suis
1044 1092 1113 1165 quc
1132 1067 1308 1143 uiolenter

183 1184 418 1272 occupauerat
449 1175 644 1249 nullatenus
673 1184 850 1271 grauaret.
886 1171 998 1247 Huius
1026 1173 1136 1249 testes
1168 1175 1310 1251 suerunt

183 1280 371 1356 slainricus
402 1282 557 1358 decanus
582 1272 759 1356 ¹erolsus
789 1280 937 1356 Wismto
965 1280 1161 1357 Heinricus
1191 1283 1309 1359 abbas

184 1390 375 1465 Lirtwinus
392 1392 639 1489 hingelbertus.
672 1389 900 1464 Eberhardus
923 1390 968 1463 de
986 1386 1110 1464 Redin
1133 1404 1172 1466 et
1197 1392 1308 1479 srater

184 1498 265 1572 suus
281 1499 477 1575 Hainricus.
498 1498 707 1576 Prcvnricus
724 1497 936 1573 Chunradus
953 1495 1144 1574 Hainricus
1163 1501 1307 1575 Strrno.

181 1605 314 1683 Altero
332 1609 377 1683 de
395 1604 616 1684 Strancstors
629 1619 664 1681 et
678 1606 1103 1682 sratersuusHerbordus.
1122 1607 1311 1684 Marchar-

184 1717 260 1793 dus.
280 1715 492 1792 chunradus
505 1718 550 1793 de
565 1716 689 1789 Gadin.
707 1714 909 1790 Hainricus.
927 1713 1152 1812 bieingozus.
1169 1716 1310 1792 licimo.

182 1824 361 1901 biberius.
392 1824 667 1899 wernherus
692 1824 745 1898 de
768 1822 975 1919 Zelhiug.
1009 1821 1152 1925 ytricus
1171 1824 1312 1901 Stuhso.

183 1933 361 2009 thertus
384 1933 537 2009 Vlricus.
562 1932 750 2008 sinimicus
773 1931 819 2005 de
836 1931 1122 2032 Ebcrgouuinge.
1151 1933 1310 2008 Wifinto.

183 2041 399 2118 wichardus
417 2041 461 2116 de
480 2042 614 2116 Sancto
632 2040 726 2114 Vrto.
746 2040 832 2114 Otto
852 2038 1152 2115 Plaocbcnseine.
1171 2042 1313 2117 Vtricus

185 2149 231 2224 do
249 2149 491 2249 Chirchhnge.
510 2148 649 2222 Vtricus
667 2149 711 2222 de
731 2147 868 2221 Stiuen.
888 2147 1100 2222 chunradus
1117 2150 1165 2225 de
1177 2150 1312 2227 Ysowe.

184 2257 591 2335 HarmutdeWerdaro.
606 2255 825 2330 wernherus
838 2254 977 2330 Cheilo.
991 2256 1140 2332 Wrfinto
1153 2257 1311 2359 scriptor.

184 2366 277 2441 Acta
293 2365 369 2440 sunt
386 2367 453 2441 hec
470 2365 689 2442 Niumbmch
706 2365 743 2438 in
762 2365 867 2438 domo
887 2365 1065 2464 prepobti.
1085 2391 1179 2441 anno
1197 2368 1312 2442 incar·

185 2476 338 2550 nationis
350 2475 492 2550 Domini
509 2488 678 2553 ttchXt.
694 2488 750 2555 llt·
767 2469 892 2547 Nonas
906 2473 1036 2547 Martii.
1062 2472 1121 2549 Ne
1139 2500 1212 2574 qua
1230 2502 1313 2573 ergo

184 2582 395 2680 inposterum
427 2610 451 2659 a
480 2579 736 2658 successoribus
760 2580 1003 2680 predictorum
1028 2582 1155 2657 exinde
1185 2584 1313 2683 questio
1357 2668 1360 2673 ¹

185 2691 365 2766 suscitetur
396 2693 441 2767 ad
459 2690 637 2789 utriusque
655 2688 765 2787 partis
783 2688 977 2764 instantiam
995 2690 1193 2788 presentem
1214 2693 1313 2790 pagi·

185 2825 265 2874 nam
290 2800 392 2898 super
418 2801 487 2875 hoc
513 2799 663 2873 fideliter
682 2796 917 2896 conscriptam
934 2799 1046 2873 nostri
1062 2798 1163 2896 tigilli
1183 2825 1313 2899 appen-

184 2909 278 2983 sione
304 2908 514 2982 muniuimus
542 2919 578 2981 ct
595 2904 806 2980 sanctientes
823 2916 862 2979 ut
890 2906 994 3004 siquis
1021 2918 1146 2982 contra
1166 2933 1244 2982 eam
1263 2921 1312 2984 to·

185 3044 284 3091 mere
304 3017 452 3091 uenerit
470 3014 748 3112 indignationem
766 3013 927 3089 incurrat
944 3025 981 3089 ct
998 3024 1147 3116 propter
1163 3016 1236 3093 hoc
1252 3043 1312 3116 pc·

184 3152 266 3200 nam
285 3124 437 3200 debitam
456 3150 526 3198 non
544 3123 683 3198 euadat

185 3375 289 3429 Probat
306 3374 420 3428 Walter
438 3373 503 3442 gibt
524 3369 637 3425 comt
653 3266 807 3426 Hirhl'vqin
831 3370 926 3425 heheu
943 3388 979 3424 uu
998 3368 1137 3440 ffinberg
1160 3373 1212 3426 aus
1230 3371 1312 3426 heih-

427 3463 543 3533 geding.
562 3461 753 3529 Nuburgam
765 3466 793 3515 2.
807 3460 973 3530 September
987 3463 1064 3514 mr.
1212 3450 1221 3465 ’

264 3559 302 3632 ln
327 3559 468 3633 nomine
496 3556 615 3631 sancte
641 3566 679 3629 et
705 3555 881 3629 indiuiduo
898 3554 1079 3630 trinitatis.
1112 3556 1313 3631 Walthcrus

184 3667 254 3744 Dci
290 3668 405 3766 gratia
428 3665 724 3765 Nuimburgensis
755 3662 951 3762 prepositus
976 3674 1014 3738 et
1041 3674 1138 3740 totus
1157 3666 1312 3740 eiusdem

184 3776 464 3853 lociconucntus.
484 3775 646 3850 omnibus
672 3772 708 3845 in
728 3771 871 3847 Christo
890 3771 1048 3846 fidelibus
1078 3782 1152 3847 tam
1170 3774 1313 3871 presen-

184 3888 279 3962 tibus
311 3908 414 3979 quam
443 3882 580 3958 suturis.
619 3879 762 3956 salutem
786 3881 822 3954 in
842 3905 929 3955 uero
955 3880 1107 3955 salutari.
1144 3883 1203 3956 Nc
1229 3905 1313 3957 ccct

185 3993 364 4071 bominum
392 3991 592 4064 memoriam
613 3992 748 4065 suretur
774 3990 904 4064 obsiuio
930 3999 1033 4063 etut
1051 3989 1207 4088 posteris
1231 3989 1311 4063 mali

53 4123 60 4136 ·
183 4105 327 4179 tollatur
344 4099 485 4200 suspitio
500 4100 694 4196 presentem
710 4099 875 4198 paginam
896 4098 1060 4172 subscribi
1079 4099 1311 4173 decredimus.

75 4230 81 4237 '
184 4213 315 4287 Notum
329 4210 434 4309 igitur
446 4208 678 4282 sacimustam
694 4205 911 4305 presentibus
929 4232 1032 4303 quam
1048 4208 1174 4281 suturis
1182 4204 1311 4282 Christi

184 4320 352 4393 fidelibus.
381 4319 474 4416 quud
499 4341 566 4414 ego
597 4316 830 4410 tt'.(olteroo)
858 4314 1155 4411 Niumburgensis
1182 4341 1310 4414 prepo-

184 4429 276 4503 situs.
305 4453 385 4503 cum
412 4426 576 4504 consensu
602 4426 710 4500 totius
728 4422 871 4522 capituli
898 4423 1041 4498 domino
1062 4424 1310 4499 Chunrado
