3008 5070
326 492 400 567 196
670 484 764 551 cub.
786 483 1072 551 absolutum!

732 718 736 723 ’
839 721 913 796 ΧΙΙ.

322 861 427 916 Probet
451 859 565 915 count
581 861 604 913 1.
623 860 745 915 verleiht
773 858 886 914 cumb
912 861 1041 930 Wagner
1064 861 1120 915 nd
1144 862 1241 916 miser
1267 855 1438 912 Bberrirtbia

321 951 423 1008 Albeid
440 952 486 1006 ein
506 950 583 1004 Hau·
609 966 645 1003 su
663 950 810 1019 Weidling
832 966 925 1021 gagen
951 952 1120 1007 labresziu
1138 952 1188 1004 nit
1206 951 1268 1004 den
1287 947 1439 1002 Vurbebatt

709 1038 761 1094 eles
773 1039 949 1095 Btekfalieu.
967 1044 1045 1097 1229.

399 1183 528 1264 Notum
537 1188 653 1263 ittam
668 1188 882 1287 presentibus
892 1189 1142 1286 quamiuturis.
1151 1189 1313 1288 quude‘gu
1322 1185 1439 1262 cuun-

320 1298 428 1372 radus
445 1297 596 1371 ecclesie
620 1296 912 1397 Niumburgeusis
929 1297 1137 1396 prepositus.
1165 1323 1245 1372 eum
1274 1297 1437 1373 consensu

320 1408 427 1482 tutius
450 1403 593 1504 capituti
618 1404 751 1479 euutuli
776 1404 915 1479 (luminu
942 1404 1107 1482 Cburado
1140 1410 1234 1501 (ere)
1256 1403 1439 1504 Wagneru

321 1515 495 1613 quoddam
520 1513 644 1589 eurtiie
669 1513 765 1588 titum
784 1514 820 1588 in
838 1514 1013 1589 Widuieb.
1032 1514 1199 1588 inbonis.
1217 1538 1286 1613 que
1300 1513 1439 1588 domina

320 1623 520 1722 Margareta
534 1621 681 1697 eontulit
698 1620 849 1696 ecclesie
864 1623 939 1696 iure
967 1622 1058 1721 quod
1083 1623 1210 1698 dieitur
1229 1621 1438 1696 Purebrebt

320 1732 380 1805 sub
406 1732 467 1806 teli
492 1731 605 1805 forma
633 1741 673 1804 ut
697 1729 773 1830 ipse
798 1730 938 1827 [iugulis
966 1731 1066 1805 annis
1091 1730 1149 1805 det
1170 1730 1273 1804 uubis
1299 1729 1337 1803 iu
1355 1728 1439 1804 feto

320 1840 427 1916 [aucti
445 1839 705 1912 Martinianum
722 1838 902 1913 talentum.
921 1850 958 1912 et
983 1838 1123 1912 domiue
1141 1838 1281 1930 Albeidi
1299 1836 1359 1898 ΧΠ
1376 1838 1439 1910 de-

319 1947 436 2024 narius
452 1945 624 2021 Houeei
635 1970 695 2019 us.
714 1957 750 2020 et
762 1946 824 2021 sub
837 1947 961 2023 eudem
975 1948 1077 2020 censu
1092 1946 1233 2021 habebit
1245 1945 1334 2022 illut
1352 1945 1439 2019 tilius

319 2055 400 2130 iuus
417 2064 495 2153 post
515 2054 644 2127 obitum
662 2055 771 2130 suum.
805 2054 848 2127 si
865 2066 981 2129 autem
1001 2056 1153 2129 uendere
1166 2052 1320 2128 uoluerit
1337 2053 1440 2127 debet

320 2163 423 2240 uobis
449 2163 661 2262 presentibus
686 2163 750 2236 tali
767 2164 913 2264 persone
938 2164 1104 2237 uendere.
1124 2187 1192 2261 que
1216 2159 1321 2260 poilit
1339 2160 1439 2237 uubis

319 2273 467 2346 eundem
496 2269 635 2344 censum
663 2269 873 2367 persoluere.
903 2270 944 2343 Si
970 2281 1088 2344 autem
1106 2269 1209 2345 alicui
1228 2267 1437 2345 uendiderit.

319 2381 377 2478 qui
408 2381 451 2453 ad
479 2388 610 2452 tantam
644 2388 883 2478 paupertatem
917 2379 1110 2454 deuenerit.
1127 2388 1166 2454 ut
1188 2377 1284 2453 bunc
1302 2379 1439 2453 censum

320 2489 520 2588 periuiuere
545 2512 613 2560 uun
649 2487 774 2561 ualeat.
801 2487 997 2584 predictum
1022 2488 1145 2563 curtile
1171 2488 1215 2560 ad
1252 2485 1439 2560 ecelesiam

320 2605 529 2671 reuertetur.
544 2596 711 2670 Preterea
725 2619 896 2692 nunquam
906 2595 1027 2669 licebit
1033 2596 1092 2670 uel
1101 2593 1370 2688 Cburadu(si0)
1385 2594 1439 2667 uei

320 2702 390 2778 filiu
418 2703 594 2776 subibam
622 2703 843 2777 donationem
876 2715 1031 2779 nostram
1051 2730 1130 2779 eum
1161 2702 1361 2800 subscriptis
1383 2711 1437 2775 te·

322 2813 425 2886 bibus
450 2812 578 2885 factam
605 2810 823 2906 aliquatenus
840 2811 1035 2885 immutare.
1063 2812 1185 2885 Testes
1202 2812 1292 2884 suut.
1318 2806 1437 2883 Chun-

320 2920 428 2996 radus
445 2918 655 3017 prepositus
683 2919 777 2993 Ebro
793 2921 960 2993 decenus.
978 2919 1104 2994 Heimu
1123 2919 1331 2993 celerarius.
1345 2917 1439 2992 Viri-

322 3054 387 3104 eus
403 3023 542 3101 subto.
569 3025 803 3100 Heimerieus.
830 3028 1020 3102 Arnuldus.
1044 3026 1232 3103 Heinrieus
1251 3027 1297 3103 de
1329 3025 1440 3099 Eber-

322 3136 508 3237 guueiuge.
535 3144 573 3208 et
598 3133 655 3206 alii
683 3134 933 3235 quamplures.
960 3138 1070 3213 Facta
1087 3137 1162 3213 suut
1179 3136 1248 3210 bec
1266 3160 1359 3210 anuo
1376 3134 1439 3209 du-

324 3244 406 3317 mini
427 3255 702 3324 uwexxvfflln

835 3420 924 3499 xm.

325 3563 429 3617 Probat
449 3562 601 3617 Caunii.
628 3559 793 3615 verbumst
810 3563 862 3615 mit
887 3561 1026 3632 Magister
1049 3565 1186 3619 Heinrich
1213 3560 1277 3618 (len
1300 3561 1441 3634 Psy-fter

630 3652 701 3706 wei
719 3650 814 3708 beben
831 3652 1030 3725 zuflinberg.
1051 3657 1130 3710 1229.

405 3780 553 3855 Nuuerit
571 3792 642 3856 tam
656 3781 863 3880 presentium
878 3809 980 3881 quam
994 3783 1188 3859 futurorum
1203 3792 1280 3859 etus
1293 3781 1442 3858 fidelium

324 3892 417 3992 quud
436 3912 505 3988 ego
525 3890 732 3965 Chunradus
750 3891 832 3963 licet
851 3891 1040 3965 immeritus
1055 3892 1350 3992 Niumburgeusis
1363 3915 1443 3992 pre-

324 3999 461 4100 positus
480 3997 525 4072 de
551 3996 640 4071 buna
670 4000 848 4073 uoluntate
868 4009 904 4072 et
920 3999 1088 4074 constanti
1106 4001 1278 4100 petitione
1296 3999 1445 4074 fratrum

324 4109 492 4183 omnium.
513 4106 582 4179 duo
601 4105 775 4181 benefitia.
801 4107 835 4178 in
853 4132 992 4203 paruo
1020 4106 1053 4179 H
1062 4108 1273 4207 ympereb
1292 4110 1356 4182 fita
1379 4131 1444 4205 que

326 4218 428 4316 prius⁴
453 4212 599 4315 puffedit
626 4215 917 4312 Marquardus
951 4215 1160 4290 clericus
1192 4216 1344 4291 frater
1371 4216 1446 4288 do·

327 4326 536 4399 minorum
555 4322 606 4398 de
622 4321 887 4421 Hympereb.
908 4322 1070 4417 magistro
1089 4324 1257 4398 Heinrieo
1276 4322 1446 4422 profes-

329 4432 453 4508 tione
470 4431 524 4528 pb
536 4433 675 4531 ysico.
695 4431 826 4505 contuli
845 4455 923 4505 eum
937 4435 1096 4510 omnibus
1109 4432 1310 4507 adtineutiis
1325 4432 1446 4507 diebus
