3008 5070
302 470 381 552 2οἃ
652 471 743 538 001).
766 471 1057 542 TRADsl'IONUbl

300 644 375 712 tate
401 633 502 713 nobis
530 635 627 710 cellit
644 636 812 737 plebanus
827 647 1040 714 memoratus
1058 634 1247 711 ecclesiam
1270 634 1365 710 suam
1388 632 1420 707 in

300 768 424 818 manus
449 743 577 818 domini
605 747 764 846 episcopi
783 747 1001 844 refignando.
1030 769 1133 842 qoam
1164 744 1240 841 ipse
1260 742 1422 818 dominus

301 853 346 926 de
373 851 583 928 liberalitate
601 854 826 951 benignitatis
845 856 924 934 suae
950 851 1050 928 nobis
1078 852 1225 927 contulit
1265 861 1306 925 ut
1332 851 1424 925 iuxta

302 960 554 1058 dispositionem
584 963 721 1042 cenobii
750 961 878 1037 ibidem
904 964 1103 1039 locaremus
1128 972 1327 1035 nostrorum
1351 984 1424 1032 me·

300 1068 394 1142 nium
414 1067 651 1144 fundamenta.
685 1069 761 1145 Nos
779 1097 866 1147 uero
894 1071 929 1144 in
957 1068 1317 1168 recompensationem
1342 1065 1424 1141 reli·

301 1184 407 1273 gnate
425 1177 601 1274 prebende
617 1178 825 1254 contulimus
840 1181 987 1281 plebano
1012 1177 1200 1252 ecclesiam
1217 1185 1376 1251 nostram
1390 1174 1425 1248 in

302 1283 569 1360 'sraisemburcb
583 1311 661 1360 cum
676 1286 770 1361 omni
787 1286 862 1362 iure
876 1285 1099 1361 barrochiali.
1114 1293 1233 1383 preter
1246 1284 1344 1382 quod
1363 1307 1426 1356 no·

301 1393 355 1467 bis
365 1393 733 1471 reseruauimusuillas.
742 1420 808 1494 que
818 1394 1197 1470 luntintrallanubium
1208 1401 1244 1465 et
1255 1391 1425 1465 'l'railma-

169 1560 172 1567 1
302 1501 409 1598 polite
444 1501 786 1578 cumdecimissuis.
810 1514 880 1576 tarn
901 1502 1090 1578 minoribus
1111 1526 1213 1598 quarn
1238 1499 1425 1573 rnaioribus

303 1603 467 1708 exeepto‘
483 1611 574 1708 quod
603 1612 638 1685 in
663 1612 729 1685 biis
755 1612 861 1687 etiam
894 1611 1063 1708 colligere
1089 1608 1216 1683 debeat
1237 1607 1426 1682 decimales

304 1716 477 1793 denarios.
522 1717 688 1792 Ceterum
722 1720 875 1817 promitit
902 1718 1094 1817 sepedictus
1128 1717 1296 1817 plebanus
1333 1712 1425 1812 quod

302 1826 408 1923 usque
428 1827 472 1900 ad
490 1825 644 1901 medium
661 1829 927 1924 quadragesime
946 1827 981 1900 se
997 1823 1190 1902 transierat
1203 1825 1248 1898 ad
1264 1832 1424 1898 sanctum

304 1933 486 2009 Georium.
506 1934 564 2007 ubi
584 1961 648 2009 nos
668 1960 745 2010 curn
767 1947 953 2011 conuentu.
973 1933 1162 2009 ecclesiam
1182 1932 1279 2007 illam
1300 1941 1340 2005 ut
1364 1953 1426 2028 pro

304 2041 427 2116 diebus
445 2042 517 2116 uite
535 2042 592 2118 loe
609 2044 787 2143 poffideat.
806 2055 926 2119 nostro
948 2043 1087 2117 nomine
1106 2042 1330 2116 conseramus
1351 2034 1427 2113 ctli

304 2150 422 2250 placet
442 2148 556 2224 eidem
577 2176 718 2227 manere
745 2162 781 2226 et
803 2153 935 2228 habere
954 2150 1168 2226 domicilium
1185 2151 1283 2223 circa
1302 2171 1428 2248 parro-

298 2248 452 2334 chialem
471 2257 668 2334 ecclesiam.
683 2285 801 2335 aream
816 2268 1076 2358 competentem
1091 2257 1157 2356 ipsi
1167 2256 1426 2353 assignabimus.

305 2376 342 2441 et
381 2365 501 2465 quales
538 2366 638 2442 nobis
668 2368 792 2443 dornos
826 2369 861 2441 in
899 2366 1202 2464 Heruogeoburch
1245 2362 1429 2461 reliquerit

305 2474 542 2572 equiualentes
573 2476 841 2551 restaurabimus
874 2476 1069 2575 ubicunque
1102 2472 1253 2548 uoluerit
1287 2471 1424 2546 eusdem

305 2591 386 2681 aput
412 2607 477 2657 nos
507 2585 694 2666 collocare.
721 2583 893 2659 Dabimus
919 2593 956 2658 et
983 2586 1054 2658 iam
1083 2581 1204 2657 salices
1224 2605 1289 2679 pro
1308 2576 1423 2676 lignis.

305 2699 342 2766 et
373 2688 490 2763 lenum
519 2694 616 2767 circa
648 2692 880 2791 parrochiam.
911 2691 1007 2766 iuxta
1033 2690 1266 2790 quantitatem
1287 2688 1425 2763 illarum

304 2797 450 2897 quasso
478 2801 578 2876 nobis
602 2800 717 2878 all’erit
741 2797 924 2899 reliquisse.
948 2799 1188 2877 Promittimus
1213 2796 1323 2871 etiam
1353 2794 1425 2868 sra-

304 2915 405 2982 terne
430 2904 627 2984 dilectionis
658 2909 858 2984 benefitium
889 2907 1084 2984 cumomni
1119 2904 1297 3004 diligentia
1330 2902 1425 2977 exbi-

304 3015 401 3090 bere.
431 3015 619 3091 dummodo
640 3028 676 3091 et
695 3019 768 3115 ipse
787 3016 887 3092 uersa
906 3017 984 3091 uice
1008 3014 1108 3091 nobis
1129 3014 1294 3111 dignetur
1310 3009 1425 3088 uicem

303 3122 499 3224 rependere
531 3125 615 3200 licut
644 3125 739 3200 dicit.
775 3126 867 3199 Acta
895 3125 971 3200 lunt
993 3125 1059 3198 hec
1085 3121 1318 3196 mediantibus
1340 3118 1426 3193 uiris

304 3233 573 3308 uenerabilibus.
602 3234 650 3307 M.
673 3234 849 3334 preposito
873 3233 913 3306 P.
938 3232 1071 3307 decano
1096 3228 1210 3306 sancti
1232 3227 1367 3330 Ypoliti
1392 3236 1428 3300 et

304 3341 350 3414 Η.
377 3340 525 3442 plebano
557 3343 600 3416 de
625 3343 769 3417 Mawer.
798 3340 995 3440 specialiter
1017 3340 1143 3415 adlroc
1156 3335 1338 3436 negotium
1365 3358 1427 3433 per·

306 3449 482 3524 dominum
516 3451 718 3551 episcopum
753 3448 926 3549 deputatis
953 3459 990 3524 et
1018 3473 1063 3523 ne
1094 3447 1194 3548 poffit
1225 3446 1262 3519 in
1289 3443 1425 3517 irritum

306 3558 467 3632 reuocari
493 3558 592 3657 figilli
615 3557 743 3633 domini
769 3557 924 3658 episcopi
948 3556 1133 3631 munimine
1157 3555 1360 3629 roboratur.

307 3805 394 3876 Papet
412 3804 551 3858 lnnocenz
570 3807 616 3859 lV.
637 3807 751 3861 ertbeilt
764 3701 930 3860 denilglilld
949 3805 998 3857 aus
1016 3803 1109 3869 einige
1127 3802 1261 3870 Feettage
1285 3801 1323 3854 im
1341 3798 1426 3855 talare·

424 3895 505 3949 einen
523 3895 749 3965 vierzigttigigen
768 3896 879 3950 Ablass.
899 3894 1011 3948 Assissi
1028 3894 1081 3946 den
1098 3892 1216 3947 colunt
1231 3892 1310 3944 1253.

386 3991 611 4065 lnnocencius
635 3990 957 4090 episcopusservus
982 3991 1159 4062 seruorum
1179 3985 1256 4058 Dei.
1280 3978 1430 4056 Dilectis

308 4098 416 4173 liliis.
438 4152 447 4170 .
469 4153 478 4171 .
500 4157 509 4174 .
530 4101 707 4199 preposito
734 4110 769 4172 et
797 4099 980 4173 concentui
1007 4096 1156 4170 ecclesie
1187 4096 1227 4166 S.
1256 4091 1368 4163 blarie
1386 4089 1428 4161 de

308 4206 520 4305 Neynburch
548 4207 678 4282 ordinis
704 4208 816 4281 sancti
853 4205 1031 4302 Augustini
1065 4200 1281 4276 Patauiensis
1305 4199 1429 4295 Dyoe·

309 4317 400 4390 cesis
425 4317 568 4392 salutem
598 4328 633 4390 et
652 4315 877 4413 apostolicam
896 4311 1188 4388 benedictionem.
1213 4308 1317 4382 Licet
1334 4305 1367 4378 is
1386 4305 1429 4378 de

310 4423 408 4498 cuius
440 4450 582 4500 munere
601 4425 698 4500 uenit
724 4425 841 4500 ullibi
861 4448 882 4497 a
899 4422 1056 4498 fidelibus
1079 4420 1146 4495 suis
1166 4419 1272 4514 digne
1292 4439 1334 4490 ac
1352 4413 1430 4495 ltn-
