3008 5070
212 465 263 542 70
559 460 662 529 Ι001).
685 458 972 527 TRADITIONUM

210 626 279 702 tei
293 626 343 700 de
363 625 470 700 Sala
488 624 733 700 Heinrieus
754 636 797 700 et
816 625 1076 724 Sighardui
1096 624 1338 723 delegauerint

210 759 274 833 per
283 759 404 808 manus
422 732 551 809 demini
571 732 671 808 ducii
686 733 840 807 Heinriei
854 745 882 807 ll
899 728 1008 834 (duo)
1029 734 1153 834 predia
1170 733 1218 806 W
1229 733 1272 808 οΙ
1283 732 1303 806 f
1306 733 1338 806 s·

211 867 294 942 pac
313 841 689 916 etRieherl'howe
712 852 842 942 rogatu
859 841 997 917 Hinriei
1014 844 1057 918 de
1077 842 1190 916 Polan
1209 851 1246 915 et
1269 841 1337 917 Ot-

212 950 305 1026 tonis
313 950 358 1023 ad
370 949 550 1024 subfidium
560 950 681 1023 matris
692 960 728 1024 et
746 949 874 1026 sororii
883 975 1005 1027 eorum
1019 958 1104 1049 aput
1112 949 1177 1023 nol'
1183 975 1337 1026 conuer-

211 1059 325 1134 farum
358 1068 394 1132 et
426 1084 490 1158 pro
516 1058 671 1132 remedio
697 1058 889 1133 animarum
915 1060 1106 1133 earundem
1135 1069 1170 1132 et
1188 1057 1337 1132 aliorum

212 1176 393 1266 parentum
406 1166 557 1240 suorum.
567 1167 681 1241 Huius
694 1166 748 1240 rei
757 1166 861 1246 testes
875 1177 967 1241 sunt.
980 1166 1040 1241 ch
1051 1162 1158 1240 irnra
1168 1167 1245 1240 dvs
1259 1191 1337 1253 eo-

212 1275 304 1349 mes
317 1276 366 1349 de
381 1275 427 1348 Pi
437 1275 476 1347 is
479 1286 493 1349 t
503 1301 522 1349 e
533 1276 614 1350 ine.
630 1274 737 1348 Adher
748 1274 792 1348 de
807 1271 1023 1373 Chinringe.
1035 1274 1167 1349 lrmsrit
1181 1274 1228 1350 de
1238 1275 1337 1348 Gna-

212 1384 371 1458 nendorf.
400 1381 522 1457 Gerolt
556 1383 601 1458 de
630 1378 869 1480 Sadengange
896 1383 1026 1457 lrmsrit
1051 1384 1095 1459 de
1120 1380 1337 1456 Rdteleu-

212 1490 361 1566 steine.
378 1489 536 1566 Christan
556 1500 592 1566 et
610 1490 792 1564 Friderieh
808 1492 852 1566 de
871 1491 1072 1566 Heimbure.

140 1639 193 1692 347
291 1600 423 1675 Notum
440 1599 479 1674 lit
493 1598 651 1674 omnibus
665 1608 735 1672 tam
744 1598 870 1673 futuris
886 1598 1220 1698 quampresentibuf,
1241 1599 1337 1694 quod

211 1707 452 1805 Margahretta
469 1707 609 1782 tradidit
624 1706 668 1780 ad
684 1708 796 1781 altare
816 1709 855 1781 S.
878 1708 989 1782 Marie
1005 1707 1156 1782 Giselam
1175 1705 1336 1781 attilium

211 1816 286 1891 eius
293 1815 522 1891 Adelheidem
538 1825 572 1888 at
585 1815 673 1910 (ad)
688 1815 839 1889 censum.
849 1832 888 1894 v.
905 1816 1142 1891 denariorum.
1157 1811 1273 1889 Huius
1285 1817 1338 1889 rei

210 1923 313 2000 testes
323 1925 409 1999 sunt.
418 1923 614 1998 Prunhieus
626 1934 662 1998 et
672 1923 895 1998 Hartuwicus
905 1925 949 1999 de
958 1923 1191 1998 Newenbure.
1208 1923 1276 1996 wi
1287 1948 1336 2023 cp
1404 2018 1409 2031 ι

211 2033 421 2134 (Wicpotv.
437 2031 1105 2132 WicpertJdeChirehlingen.0tto
1116 2032 1335 2107 Chuuradus.

140 2161 193 2216 aas
290 2141 420 2214 Notum
452 2139 493 2214 fit
525 2140 684 2214 omnibus
711 2139 842 2215 Christi
865 2139 1025 2215 fidelibus
1040 2142 1132 2239 quod
1154 2140 1263 2215 otto
1284 2140 1337 2214 de

210 2247 478 2324 [radesdorf
493 2272 556 2346 pro
576 2249 731 2323 remedio
752 2248 865 2342 anime
884 2249 943 2322 sue
963 2258 999 2322 et
1013 2249 1153 2349 cognati
1172 2247 1221 2320 sui
1241 2244 1337 2322 Rid-

209 2357 300 2432 barti
318 2355 410 2454 apud
433 2357 499 2431 noi
511 2357 635 2455 sepulti
653 2380 733 2430 eum
752 2357 887 2432 duobus
906 2356 988 2430 filiii
1009 2357 1077 2431 suis
1095 2356 1334 2434 Adelrammo.

210 2476 246 2540 et
262 2465 414 2562 Hugone
433 2474 470 2539 at
493 2464 670 2540 Heruuieo
699 2465 808 2539 fratre
830 2465 964 2564 sepulti.
991 2464 1135 2540 tradidit
1159 2465 1206 2539 ad
1224 2464 1334 2539 altare

212 2574 346 2648 Sancte
365 2572 474 2648 Marie
492 2572 687 2672 Niumhurg
699 2572 905 2649 beneficium
917 2599 1025 2649 unum
1044 2572 1340 2648 Sirneisdorf

210 2680 319 2756 titum.
343 2706 384 2754 eo
403 2690 527 2757 tenore
545 2692 584 2757 ut
602 2692 683 2780 post
700 2681 810 2779 ipsius
830 2678 1001 2757 deeeffum
1020 2681 1056 2755 in
1075 2681 1169 2757 ul'um
1188 2681 1335 2757 Niwen-

210 2789 424 2889 burgenlium
445 2789 593 2865 fratrum
612 2791 763 2865 eederet.
773 2790 884 2865 Huius
902 2790 955 2866 rei
968 2789 1074 2865 testes
1087 2800 1169 2866 sunt
1182 2789 1336 2866 Anthel-

211 2923 287 2973 mus
306 2908 342 2973 et
361 2899 549 2995 Gerungus
569 2899 611 2973 de
625 2898 776 2998 Hakgin.
794 2899 986 2974 Wernhart
999 2899 1042 2974 de
1056 2899 1207 2999 Hakgin.
1222 2899 1334 2974 Heiu-

212 3007 316 3083 rieus.
336 3005 559 3081 Pertheldus.
579 3007 784 3108 Liupoldus.

142 3135 195 3189 aue
291 3114 423 3190 Notum
448 3113 488 3188 fit
516 3115 651 3190 eunctis
681 3115 813 3190 Christi
839 3115 998 3190 fidelihus
1022 3127 1093 3191 tam
1118 3116 1335 3215 presentibus

118 3223 150 3259 w.
164 3235 196 3270 Ν·
214 3250 315 3322 quam
328 3223 467 3299 suturis.
491 3222 584 3321 quod
599 3223 759 3297 dominus
769 3223 981 3298 Ortelful'
994 3224 1334 3300 deWaidhouen

211 3332 357 3407 fundum
371 3330 640 3407 Pernhartestal.
655 3331 776 3407 hahuit
787 3330 1002 3408 inbenefieio
1017 3358 1038 3407 a
1057 3333 1106 3408 do
1116 3333 1230 3408 mino
1250 3333 1336 3408 luk-

212 3439 399 3515 keherto
419 3441 751 3516 dePerneekke.
772 3440 1010 3515 Hicdoruinul'
1019 3440 1334 3517 Ortolfusseruieio

212 3549 271 3623 suo
290 3549 494 3647 promeruit.
514 3550 607 3648 quod
626 3548 721 3623 idem
736 3549 896 3623 dominus
913 3550 992 3625 suus
1006 3550 1231 3625 Ekkehertus
1244 3575 1335 3624 eun·

212 3659 294 3733 dem
320 3655 464 3731 fundum
477 3657 746 3734 Pernhartestal.
766 3656 1048 3756 quemhabuitin
1067 3657 1250 3735 beneficio.
1270 3683 1336 3758 pa·

211 3764 305 3840 ratus
329 3762 396 3840 fuit
426 3764 492 3840 sibi
520 3767 603 3841 dare
632 3767 707 3840 iure
732 3765 959 3841 hereditario.
980 3767 1069 3843 Cum
1101 3778 1218 3843 autem
1243 3765 1337 3841 hane

211 3873 308 3949 eirea
326 3872 501 3948 sedomini
519 3876 566 3948 sui
579 3876 772 3950 Ekkeberti
792 3874 1014 3950 elementiam
1030 3886 1128 3950 certo
1148 3875 1336 3972 cognouis-

210 3984 271 4058 iet.
305 3981 466 4058 uidelicet
498 3984 589 4081 quod
615 4010 867 4082 quemeumque
891 3983 965 4083 ipse
992 3984 1110 4059 uellet.
1136 3982 1335 4082 predictum

211 4091 354 4166 fundum
385 4090 474 4182 iure,
508 4091 574 4164 sibi
590 4091 800 4168 hereditario
819 4092 986 4167 traderet.
1015 4091 1158 4191 rogauit
1183 4092 1335 4166 eundern

211 4199 386 4276 dominum
400 4202 508 4276 suum.
523 4210 561 4275 ut
575 4203 723 4276 eundem
738 4201 895 4276 fundum.
914 4228 1016 4300 quem
1033 4200 1092 4275 libi
1106 4201 1181 4275 iure
1193 4200 1335 4274 heredi-

211 4308 299 4383 tario
314 4312 453 4384 tradere
471 4322 614 4411 paratus
634 4321 741 4385 esset.
756 4311 792 4384 in
803 4310 926 4384 manui
936 4309 1117 4385 cuiusdam
1127 4308 1253 4384 nobilis
1270 4308 1336 4382 uiri

211 4417 338 4491 domini
367 4418 594 4496 Chunradi
628 4420 680 4494 de
704 4418 904 4494 Aiehahe
935 4420 1127 4517 delegaret.
1150 4418 1209 4494 ita.
1240 4418 1335 4517 quod
