3008 5070
231 400 234 408 Ι
306 461 381 539 176
665 460 757 528 COD.
781 460 1068 529 uasosmoltunt

90 709 91 713 Ἰ
222 637 277 694 aaa
382 623 515 701 Notum
540 625 581 700 sit
604 636 676 701 tam
701 625 917 725 presentibus
936 652 1041 723 quam
1074 624 1216 700 sutoris.
1250 628 1349 725 quod
1366 653 1430 730 ego

251 783 252 787 =
302 733 491 809 Vlricus
518 734 569 808 de
596 736 850 835 Wehingen
876 736 1030 810 ecclesie
1054 733 1359 861 Niwenburgsnfi.
1397 737 1431 809 in

301 841 661 942 recompensationem
693 844 919 942 dampnorum
950 843 1139 918 multorum
1172 869 1241 941 que
1273 845 1328 918 ei
1322 844 1432 921 intuli

300 951 573 1026 uillicationem
564 948 781 1053 nnRipolbas
796 952 891 1025 sitam
907 952 1038 1026 contuli
1054 950 1307 1048 possidendam.
1320 952 1433 1028 Huius

301 1084 354 1135 rer
343 1059 476 1136 testes
496 1059 584 1134 sunt.
604 1057 826 1136 Chirnradus.
845 1047 1025 1135 Nicotaus.
1048 1060 1207 1134 Ortoisus
1226 1062 1270 1135 de
1281 1062 1431 1136 Grrbbn

301 1167 398 1242 stein.
425 1164 654 1244 Wemberus.
675 1168 814 1260 Heoiln.
833 1167 1013 1243 Kadoldus
1041 1167 1235 1267 orphanus.
1256 1168 1433 1245 Chaerlin-

300 1301 381 1376 gus.
415 1271 620 1352 Chinradus
639 1276 683 1349 de
702 1276 914 1376 Crumpach.
950 1276 1164 1374 Sigelochus
1187 1277 1232 1350 de
1251 1278 1431 1353 Pirbovm.

204 1426 207 1433 ·
300 1384 536 1482 Engesbertus
556 1388 598 1459 de
616 1381 865 1460 Rikkersdors.
895 1384 1054 1459 Dietmar
1080 1385 1124 1458 de
1144 1385 1327 1460 Rorbacb.
1361 1385 1432 1462 Oa·

300 1493 458 1592 polianus
488 1496 531 1569 de
548 1493 766 1567 Hasenekke.
800 1491 990 1567 Heinricus
1013 1492 1104 1566 silius
1122 1493 1257 1567 domini
1277 1495 1430 1570 Kadosdi

302 1603 345 1676 de
365 1603 601 1700 Povngarten.
625 1602 763 1676 Vtricus
782 1598 972 1675 Wenitzel.
991 1600 1170 1675 Dietricus
1190 1601 1318 1686 sehin.

221 1719 274 1776 me
381 1710 537 1786 Vniuerti
562 1711 701 1810 presens
728 1706 891 1808 scriptum
918 1707 1045 1783 lecturi
1072 1708 1192 1784 sciant.
1219 1711 1336 1808 ιῙιιοιΙ
1364 1737 1430 1811 ego

301 1816 488 1893 Heinricus
512 1820 628 1894 iudex.
661 1821 800 1891 uincam
825 1815 977 1891 ecclesie
998 1816 1132 1891 Sancte
1151 1817 1263 1891 Marie
1283 1820 1428 1901 contuli.

300 1940 336 2004 et
353 1954 399 2002 ne
417 1925 495 2026 quis
508 1928 638 2001 donum
657 1927 725 2000 boc
743 1926 910 2000 hebetare
929 1925 1134 2026 adtemptet.
1153 1927 1352 2025 presentem
1368 1955 1431 2029 pa·

299 2038 416 2133 ginam
436 2034 635 2135 subscriptis
649 2034 794 2109 testibus
811 2031 988 2108 roboraui.
1008 2031 1167 2121 Quorum
1185 2037 1429 2111 nominasunt.

297 2142 486 2221 Heinrious
505 2144 548 2218 de
567 2144 689 2217 Portu.
707 2141 897 2216 Heinricus
915 2142 960 2244 ple
979 2141 1204 2217 Eicbowe.
1225 2144 1428 2221 briderium

299 2253 345 2327 (te
377 2248 639 2326 Cbritaendors.
678 2249 868 2325 Weaitnel.
905 2248 1046 2324 Vbicus
1077 2250 1169 2324 filius
1201 2249 1427 2328 Liubmanni.

297 2359 521 2435 Purcbardus
555 2361 600 2433 de
631 2357 794 2451 Wienna.
839 2360 954 2458 Hugn.
986 2356 1172 2432 Heinricus
1202 2360 1248 2435 ds
1266 2360 1427 2437 Lince.

299 2464 759 2566 Wernbardus.Ridigcrus
768 2465 928 2541 Wesche.
939 2459 1428 2560 uerungusoffieiatisflaertl
1441 2466 1450 2485 '

299 2575 408 2650 wicus
426 2576 595 2652 Prmntes.
615 2575 762 2650 0rtwin.

218 2697 271 2752 me
381 2684 456 2774 Quc
473 2695 641 2785 geruntur
658 2685 694 2757 in
713 2693 883 2781 tempore,
902 2707 946 2756 ne
960 2706 1041 2758 cum
1054 2680 1212 2782 processu
1226 2684 1427 2761 dilabantur

297 2793 479 2894 temporis
507 2794 674 2916 scripture
692 2793 863 2867 memoria
880 2799 1129 2891 perennantur.
1148 2791 1241 2868 Hinc
1260 2794 1312 2868 est
1330 2796 1424 2894 quod

296 2900 513 2977 uniuersitati
539 2900 692 2974 omnium
715 2899 933 2974 innotescere
962 2897 1057 2973 uolo.
1090 2925 1148 2974 me
1165 2899 1353 3021 Hugonem
1380 2905 1423 2978 de

182 3006 607 3085 onwnttlishtuort
640 3008 835 3082 mansum
826 3034 862 3082 ιιι
894 3005 1083 3083 Rietentai.
1114 2982 1307 3086 annuatim.
1331 3028 1422 3093 lltt‘.

288 3119 430 3197 'talentu
448 3117 583 3192 seruieii
602 3116 868 3216 persoluentem.
888 3116 1040 3190 ecclesie
1055 3117 1187 3193 Sancte
1199 3117 1314 3195 Mario
1335 3136 1424 3201 cott-

296 3225 421 3303 tulisse.
453 3226 509 3301 Ne
534 3251 619 3325 ergo
644 3225 727 3299 buic
754 3225 885 3301 dationi
910 3225 1024 3323 aliqua
1048 3224 1198 3300 suboriri
1229 3226 1343 3325 posset
1362 3254 1424 3306 ca·

296 3335 461 3433 sompnia.
494 3335 635 3434 presens
661 3333 822 3431 scriptum
848 3332 1017 3407 subaratis
1036 3332 1422 3413 testibusconfirmaui.

299 3443 452 3533 Quorum
462 3445 703 3520 nominasunt.
724 3438 1063 3519 Theodoraducissa'.
1079 3442 1285 3540 Livpuldus.
1300 3436 1424 3520 Reim-

298 3565 429 3649 portus.
456 3554 685 3626 Wernherus.
713 3550 958 3624 Ekkebardus.
986 3550 1157 3647 capellani
1175 3551 1318 3628 ducisse.
1339 3555 1421 3630 Otto

300 3661 345 3734 de
365 3659 545 3734 Staiekke.
561 3661 709 3736 Aloldus
729 3660 773 3733 de
795 3659 923 3731 Wisen.
945 3656 1028 3732 Otto
1048 3652 1281 3736 Valcbenaer.
1303 3659 1422 3739 Cbim·

297 3769 405 3843 radus
423 3769 552 3841 Priwo.
570 3767 702 3844 Rideto
722 3767 888 3865 magister
908 3767 1016 3840 curie.

91 3918 94 3926 ‚
218 3894 272 3947 'teo
378 3875 526 3950 Nouerit
541 3878 680 3976 quisque
695 3876 812 3951 tidelis.
832 3877 924 3973 quod
938 3874 1106 3949 dominus.
1126 3875 1314 3952 Viricus
1332 3879 1421 3954 nti-

298 3987 380 4061 nus
406 3993 555 4084 quatuor
583 3986 748 4083 personas
776 3987 818 4058 de
851 3983 1224 4083 Engclrichstors
1254 3987 1418 4062 Perhtam

298 4097 468 4172 uidelicet
486 4091 697 4168 Diemudim.
731 4093 926 4168 Aicbeidim
946 4091 1174 4166 Fredcricum
1189 4094 1291 4194 super
1310 4099 1418 4170 astare

295 4207 400 4280 beate
419 4201 565 4301 uirginis
578 4227 641 4300 pro
661 4204 816 4276 remedio
831 4201 945 4276 anime
959 4200 1015 4275 sue
1031 4202 1209 4297 delegauit
1224 4206 1418 4280 earacione

296 4316 388 4410 quod
407 4313 541 4410 semper
558 4337 639 4384 cum
659 4311 752 4384 omni
771 4311 829 4384 sua
846 4309 1060 4411 posteritate,
1089 4309 1241 4384 censuali
1257 4312 1334 4387 iure
1353 4315 1420 4388 sin·

295 4423 388 4521 gusia
407 4422 506 4495 annis
527 4419 659 4493 inlinere
687 4429 870 4494 teneantur
889 4429 1038 4515 quatuor
1056 4419 1220 4495 denarios
1240 4431 1277 4496 et
1296 4423 1367 4497 boc
1385 4422 1417 4494 in
