3008 5070
194 482 270 559 188
534 478 626 545 coo.
659 476 948 544 nnsorrrouuu

191 640 355 719 uidelicet
367 638 515 716 ratione.
530 651 570 718 ut
581 640 761 741 predictus
768 643 925 718 marchio
936 640 1162 719 Adelbertus.
1179 653 1218 720 et
1232 669 1308 721 con·

190 752 249 828 iux
277 751 337 825 sua
367 745 507 850 Froyna
533 751 576 825 de
603 751 762 851 predicto
785 750 907 851 predio
937 752 1084 827 liberam
1105 754 1236 828 amodo
1253 778 1310 853 po-

191 859 351 935 testatem
358 857 520 932 babeant.
532 858 710 934 obtinendi
720 859 880 933 tradendi
887 860 1125 936 commutandi
1140 865 1311 959 (αἰώρη-

55 1042 60 1046 .
192 965 349 1044 cariandi
366 965 423 1041 uel
443 966 592 1066 quitquit
611 966 680 1040 illis
705 966 902 1041 collibuerit
915 967 1001 1043 inde
1019 967 1182 1042 satieodi.
1215 970 1264 1045 Et
1278 979 1312 1044 ut

191 1075 258 1151 bec
277 1084 396 1150 nostro
415 1074 632 1150 auctoritatis
651 1075 794 1148 traditio
815 1074 943 1150 stabilis
963 1088 999 1150 et
1016 1074 1228 1151 inconuulsa
1238 1103 1315 1178 per·

192 1192 332 1260 maneat
350 1182 444 1260 omni
462 1207 542 1258 euo.
561 1183 630 1258 boc
648 1195 853 1281 preceptum
871 1183 952 1258 inde
970 1184 1209 1282 conscriptum
1221 1209 1315 1274 manu

191 1290 335 1393 propria
365 1291 639 1367 corroborantes
670 1288 768 1389 tigilli
795 1290 909 1366 nostri
935 1290 1149 1391 inpressione
1175 1291 1320 1367 indimus

192 1398 362 1498 insigniri.
383 1399 512 1474 Datum
529 1415 583 1477 xl·
603 1397 771 1473 kalendas
788 1399 870 1473 mai.
902 1424 992 1475 auno
1012 1409 1133 1474 autem
1152 1400 1313 1476 lucarna-

192 1506 298 1584 tiouis
316 1505 459 1583 Domini
479 1524 649 1589 ΜΧΙΝΙΙΙ.
673 1506 867 1582 indictione
886 1524 910 1587 t.
932 1532 1023 1583 anno
1044 1520 1166 1583 autem
1189 1507 1314 1584 domini

174 1615 350 1693 1Haiurici
380 1615 474 1692 tertii
507 1614 605 1715 regis
649 1615 874 1715 imperatoris
906 1616 1054 1692 secundi
1091 1615 1316 1693 ordinationis

192 1724 269 1800 eius
287 1742 354 1805 xx.
371 1725 475 1824 regni
492 1724 632 1823 quidem
649 1740 746 1804 vtttt.
776 1722 916 1822 imperii
941 1734 1058 1801 autem
1073 1740 1114 1805 tt
1133 1726 1316 1803 innomine

192 1833 348 1911 Domini.
366 1833 495 1910 Actum
514 1834 615 1908 Vlme
633 1831 784 1908 feliciter
801 1832 926 1907 Amen.

733 2048 776 2123 ΙΙ.

194 2225 298 2281 Kaiser
315 2221 452 2278 Heinrich
471 2221 516 2277 Ν.
537 2224 657 2278 sebenkt
676 2224 736 2279 dem
749 2224 932 2294 Markgrasen
945 2223 1072 2292 Leopold
1085 2224 1164 2294 (dem
1177 2226 1314 2292 Scbbnen)

195 2315 312 2385 neubrig
332 2312 496 2382 lrbniglicbe
515 2313 710 2391 Untertbanen
729 2313 759 2367 in
778 2315 840 2370 dem
852 2314 953 2369 Walde
966 2317 1080 2383 Regae·
1099 2315 1152 2368 mit
1163 2316 1317 2371 Ansnubno

558 2398 561 2406 '
599 2403 810 2461 Falkensteins.
836 2407 915 2460 ¹076.

276 2590 315 2664 su
333 2587 473 2665 nomine
491 2590 608 2665 sancte
627 2599 665 2666 et
681 2589 861 2666 indiuidua
878 2588 1051 2665 trinitatis.
1068 2587 1318 2666 Heinricusdi·

196 2697 279 2775 uina
302 2696 442 2774 sauerrtc
471 2697 659 2777 clementia
676 2723 751 2773 rex.
780 2697 877 2788 Quos
894 2697 930 2771 in
948 2696 1089 2773 seruitio
1108 2708 1233 2775 nostro
1251 2709 1318 2774 mm

197 2810 326 2884 deuote
350 2832 454 2907 quam
480 2806 598 2882 debite
622 2807 849 2904 perseuerare
874 2807 966 2882 uelle
993 2805 1153 2881 uidemus
1170 2807 1319 2883 libenter

196 2917 232 2991 iu
257 2915 326 2992 suis
350 2913 577 3015 petitionibus
603 2917 674 2993 cito
702 2918 865 2991 uolumus
892 2913 1070 2991 exaudire.
1107 2913 1207 2992 inter
1236 2939 1320 3016 quos

195 3024 406 3124 Liupoldum
424 3023 662 3098 marchionem
682 3033 842 3099 nostrum
860 3021 1084 3123 respeximus.
1118 3046 1225 3122 quem
1244 3023 1321 3124 quis

196 3134 337 3211 fidelem
354 3131 457 3207 nobis
474 3129 698 3230 perseuerare
716 3132 905 3208 credimus.
929 3129 1135 3234 petitionem
1155 3130 1233 3208 eius
1249 3131 1320 3208 fieri

197 3241 484 3320 adiudicauimus.
504 3239 546 3313 Si
566 3241 706 3338 quidem
723 3241 847 3341 petitio
862 3241 937 3317 eius
954 3239 1035 3315 talis
1052 3238 1102 3315 est
1119 3250 1156 3316 ut
1173 3240 1210 3313 lx
1224 3264 1321 3316 mau-

197 3352 254 3428 sos
280 3351 316 3426 in
341 3352 526 3449 Rogacs
551 3349 859 3451 siluainpago
879 3347 1321 3426 Oberricbeincomi·

197 3471 274 3534 tatu
292 3460 402 3560 ipsius
419 3457 480 3532 fibi
498 3457 785 3535 concederemus.
803 3459 895 3534 vnde
912 3457 1052 3534 cosdem
1075 3456 1110 3531 lx
1128 3456 1319 3533 mansosio

197 3567 279 3643 loco
293 3567 490 3667 supradicto
506 3566 620 3642 eidem
634 3566 827 3643 marchioni
841 3577 987 3666 excepto
1006 3564 1086 3640 vat
1097 3565 1321 3641 chenuoin

199 3699 281 3750 cum
299 3676 457 3752 omnibus
475 3674 697 3774 appenditiis.
725 3675 795 3768 boc
813 3676 862 3751 eb
879 3675 1053 3772 nutuque
1070 3673 1171 3748 sexus
1188 3671 1321 3750 manci·

198 3782 279 3886 piis.
298 3784 403 3858 areis.
423 3785 575 3860 edifitiis.
596 3784 705 3882 pratis
719 3784 866 3883 pascuis.
885 3783 990 3860 terris
1001 3782 1103 3858 cultis
1117 3794 1154 3858 ct
1165 3781 1321 3859 incultis.

199 3893 266 3968 uiis
285 3905 322 3968 et
339 3891 456 3967 inuiis.
483 3893 584 3991 aquis
603 3918 841 3993 aquarumque
861 3892 1073 3969 decursibus.
1101 3891 1219 3967 molis.
1247 3916 1322 3966 mo·

199 4001 359 4077 lendinis.
392 4001 656 4100 piscationibus.
689 4004 830 4101 quesitis
858 4012 894 4078 et
918 3999 1145 4101 inquirendis.
1178 4023 1322 4076 accurs

200 4112 297 4187 omni
322 4110 474 4187 utilitate
498 4135 564 4208 que
581 4111 637 4185 uel
656 4111 758 4186 scribi
776 4114 834 4187 uel
853 4108 1023 4184 nominari
1041 4107 1172 4208 poterit
1190 4110 1226 4183 in
1244 4131 1323 4209 per-

199 4233 355 4320 petuum.
374 4219 545 4295 tradendo
564 4220 778 4297 firmauimns
796 4220 966 4295 firmando
981 4218 1198 4293 tradidimus.
1218 4217 1325 4292 cuius

200 4331 399 4406 traditionis
418 4327 538 4405 testem
558 4337 691 4404 cartam
709 4331 904 4430 presentem
923 4326 1023 4402 scribi
1038 4326 1202 4404 iuffimus.
1225 4351 1324 4426 quam

201 4448 241 4512 ut
264 4437 356 4512 insra
381 4448 527 4539 apporct
552 4437 695 4539 propria
720 4466 823 4515 manu
852 4438 1126 4514 corroboratam.
1162 4448 1199 4511 et
1226 4433 1324 4534 sigilli
