3008 5070
327 481 380 555 uo
515 562 518 567 ¹
679 470 774 539 coo.
797 469 1092 538 rnnonrouun·

324 640 431 712 vitam
441 636 537 712 suam
544 635 698 711 tradidit.
718 634 831 712 Huius
843 636 897 711 rei
908 635 1012 711 testei
1021 634 1096 710 lunt
1114 633 1237 710 Willnt
1251 636 1298 712 de
1312 635 1455 714 (lricin-

323 746 409 824 dorl
425 743 880 822 sarilenualnerwolnat
897 744 1108 821 chunratus.
1171 739 1174 744 ’

256 869 310 924 ela
408 853 539 928 Notum
563 853 602 928 fit
626 852 786 928 omnibus
806 853 936 929 Christi
959 851 1116 926 fidelibus
1136 861 1209 927 tam
1237 852 1457 952 presentibus

329 988 434 1061 quam
451 962 588 1037 suturis.
609 960 709 1050 Quod
738 961 944 1037 deminui
958 960 1164 1059 Adelgou
1181 961 1235 1039 de
1253 961 1456 1060 Alpann

326 1070 397 1146 tale
412 1070 570 1170 predium
584 1071 684 1166 quale
699 1070 747 1144 ibi
760 1069 905 1170 pallidet
919 1070 1094 1168 delegauit
1102 1069 1234 1166 potenti
1245 1095 1353 1146 manu
1363 1071 1456 1147 nullo

327 1178 592 1255 contradicente
604 1204 669 1277 per
693 1203 834 1253 manum
856 1176 1037 1272 cuiusdam
1062 1172 1189 1254 nobilil'
1202 1177 1345 1254 nomine
1367 1181 1456 1256 Per·

327 1286 440 1363 tholdi
459 1286 531 1361 lilio
549 1287 610 1363 luo
628 1285 864 1385 Adelgono
888 1285 1175 1363 luhdiacono
1203 1292 1239 1361 et
1255 1285 1454 1385 pannium

328 1395 509 1470 amborum
540 1420 649 1495 cuper
676 1393 788 1469 altare
816 1393 939 1469 Sancti
972 1395 1127 1493 Pangrat
1112 1393 1151 1466 tii
1183 1399 1454 1496 ceterorumque

328 1504 524 1580 sanctorum
541 1528 608 1603 pro
627 1501 742 1579 anima
766 1501 978 1580 marchionis
1008 1501 1179 1602 Levpoldi
1199 1511 1454 1604 parentumque

326 1613 464 1687 luorum
483 1636 526 1687 ea
544 1610 744 1688 conditione
758 1618 796 1683 ut
813 1608 952 1685 filim
921 1635 998 1685 erus
1011 1610 1192 1711 predictus
1210 1610 1314 1686 huius
1334 1613 1454 1688 ecclc·

326 1721 381 1815 eie
409 1719 449 1794 fit
480 1728 701 1820 procurator.
731 1704 875 1807 Quodfi
900 1728 1023 1795 contra
1045 1719 1194 1808 dicatur,
1211 1729 1297 1794 tunc
1312 1719 1452 1796 irritum

325 1828 385 1902 fiat
402 1826 597 1903 huiusmodi
628 1835 779 1926 pactum.
803 1826 989 1903 Proximus
1006 1827 1112 1901 hercl
1127 1827 1272 1925 quilibet
1290 1830 1453 1928 predium

283 1933 285 1937 ⁷
325 1937 418 2013 omni
437 1935 513 2010 iure
531 1935 605 2009 usui
622 1934 683 2009 luo
702 1936 876 2011 aduertat.
902 1945 939 2010 ot
962 1935 997 2009 in
1018 1935 1080 2009 eal
1093 1960 1215 2011 manue
1234 1935 1453 2037 eandemque

323 2043 530 2147 potestatem
550 2043 795 2119 orientalis
815 2043 1017 2119 marchio
1035 2043 1157 2119 redeat
1176 2045 1266 2120 vnde
1285 2069 1367 2122 cum
1384 2043 1456 2121 ruit

321 2149 594 2227 antecelloribus
612 2150 700 2226 illud
718 2151 904 2227 certilllmo
922 2151 1132 2249 susceptum.
1159 2152 1283 2230 'rouel
1302 2153 1383 2228 lunt
1395 2163 1453 2230 tc·

322 2259 478 2335 stationis
501 2257 603 2334 huius
630 2260 673 2334 ab
699 2284 784 2335 aure
811 2260 926 2335 tracti.
957 2259 1179 2335 Portholdul.
1206 2259 1451 2338 chadelhoch.

318 2367 498 2445 Adelram.
514 2367 758 2468 Appodribo.
772 2368 961 2444 Adollrero.
976 2368 1450 2469 Ragonbotomegenprehr.

319 2476 460 2552 lleimo.
479 2477 670 2553 llberman.
700 2475 870 2554 Gerboto.
886 2476 1127 2577 Regenpreht.
1157 2477 1313 2559 Strauei.
1337 2477 1450 2554 Adel·

320 2593 420 2658 wart.
445 2585 578 2662 Ratolt.
600 2585 801 2685 Engolhart.
841 2623 843 2626 ⁴
1158 2625 1161 2631 ·

233 2708 320 2766 tuuc
399 2692 531 2769 Notum
548 2694 589 2768 fit
609 2692 768 2768 omnihus
792 2691 925 2767 Christi
943 2691 1115 2782 fidelibus,
1136 2693 1287 2794 qualiter
1306 2693 1453 2792 Lvtpol·

319 2801 383 2878 dvl
398 2802 554 2877 Marchio
574 2813 748 2877 annuente
766 2802 917 2903 conjuge
936 2801 996 2874 lua
1014 2807 1156 2900 Agnete
1175 2801 1318 2878 tradidit
1335 2804 1380 2879 ad
1398 2802 1453 2876 al-

318 2920 396 2986 tare
417 2909 549 2984 Sancte
568 2908 743 2987 Mariaev
762 2909 936 3007 mancipia
953 2909 1096 2985 Domini
1122 2908 1306 2986 Waldonil
1320 2933 1452 3008 excep·

319 3019 368 3096 til
381 3018 461 3093 liliis
474 3017 628 3117 pilgrimi
647 3027 683 3093 et
701 3018 856 3116 exceptis
864 3033 890 3095 x
909 3017 1047 3115 pabone
1062 3028 1099 3093 et
1117 3019 1189 3094 {ilio
1208 3019 1267 3094 luo
1286 3019 1451 3117 pilgrimo

320 3139 355 3202 et
369 3127 485 3201 adhuc
497 3142 553 3204 vll
570 3125 658 3223 quot
668 3125 812 3199 tradidit
827 3126 979 3224 (ltpoldo
994 3122 1450 3225 CanonicoNuinpurcgen·

320 3235 365 3309 lli
375 3233 540 3310 ecclesie.
560 3232 673 3307 Huius
691 3259 743 3307 rer
732 3233 865 3310 testei
882 3234 1077 3333 Roginbret
1098 3236 1203 3310 de...
1213 3234 1334 3313 ,lrhin
1352 3237 1452 3310 Mar-

321 3342 423 3419 chort
441 3344 484 3418 dc
503 3342 650 3417 llintorf
665 3342 810 3442 Gerung
826 3342 928 3417 drolo
946 3342 1025 3417 lluc
1044 3354 1080 3417 et
1098 3344 1158 3417 alii
1174 3343 1286 3419 multi.

249 3469 304 3523 ruo
402 3450 601 3526 lntimamvl'
621 3450 780 3525 fidelibus
800 3450 933 3525 Christi
954 3450 1101 3550 qualiter
1118 3451 1338 3527 Rudolfvl
1354 3451 1451 3527 dedit

319 3559 456 3661 potenti
486 3586 590 3634 manu
621 3558 760 3632 uincam
792 3559 886 3632 luam
918 3558 1122 3633 Nuinbnrltc
1147 3562 1248 3635 litam¹
1267 3561 1312 3636 ad
1340 3561 1450 3635 altare

322 3667 455 3741 Sancte
469 3666 580 3752 ltlarie
599 3667 746 3763 virginis
759 3677 928 3742 annuente
948 3668 1098 3764 coniuge
1117 3667 1176 3743 lua
1190 3670 1301 3744 Dinon
1317 3670 1451 3766 absque

321 3773 415 3851 omni
435 3774 698 3851 contradicionc
716 3773 872 3851 virorum
898 3800 941 3851 ac
965 3776 1162 3850 mulierum.
1190 3777 1302 3861 lluins
1321 3776 1374 3851 rei
1394 3787 1451 3851 te-

321 3882 514 3960 flelsunt..
541 3882 578 3957 lli
602 3884 645 3959 de
675 3884 810 3960 Sancto
841 3884 1038 3959 lllichahelc
1059 3885 1175 3983 Gagni
1202 3887 1245 3960 dc
1267 3885 1449 3960 Widinihe

320 3991 493 4070 Rudolsvl
505 3990 604 4065 labor
623 4003 658 4065 et
676 3992 735 4066 olii
754 3992 864 4066 multi

248 4122 298 4173 aar
401 4099 533 4175 Notum
559 4101 597 4173 lit
617 4102 775 4175 omnibus
801 4099 932 4174 Christi
952 4100 1121 4191 fidelibus,
1142 4103 1292 4200 qualiter
1314 4032 1450 4175 lludol-

321 4211 376 4284 svl
396 4209 514 4284 lervul
536 4208 648 4281 Babin
676 4208 719 4282 de
746 4209 968 4282 Gotinlvolde
1004 4210 1145 4285 tradidit
1175 4212 1309 4286 tineam
1353 4209 1449 4284 luam
1481 4305 1485 4314 Ι

171 4397 173 4402 ,
321 4315 639 4392 Anichinllorl
662 4315 760 4390 litam
789 4320 832 4391 ad
862 4318 971 4392 altare
1000 4318 1134 4393 Sancte
1098 4320 1274 4414 tltlarie
1302 4317 1450 4416 virginis

213 4493 215 4496 ,
321 4424 503 4503 Nuinburc
522 4425 654 4523 potenti
670 4450 773 4499 manu
795 4427 922 4525 ubsque
939 4429 1031 4503 omni
1048 4430 1330 4505 contradictione
1349 4426 1449 4501 viro·
