3008 5070
323 478 399 554 198
662 463 1073 538 coonusmmomm,

320 637 423 714 dictis
450 634 581 734 prediis
607 633 715 710 nichil
740 636 884 713 omnino
909 631 995 707 iuris
1024 630 1213 707 habebunt.
1232 629 1296 710 set
1316 634 1432 709 eadem

318 742 529 856 predialine
547 743 642 819 omni
659 743 935 821 contradictione
952 749 1174 816 reuertentur
1187 740 1232 814 ad
1251 742 1434 819 ecclesiam

317 880 397 930 cum
417 852 578 930 omnihus
596 852 791 930 mobilibus.
821 851 942 951 quein
960 848 1012 924 eis
1030 848 1170 925 inuenta
1187 847 1333 925 fuerint.

400 961 441 1035 Si
459 969 573 1036 autem
590 960 675 1037 dicti
692 962 821 1036 fratres
840 961 884 1036 de
901 957 968 1034 hiis
985 956 1117 1057 prediis
1135 959 1272 1033 censum
1290 958 1357 1033 libi
1374 959 1436 1035 or·

317 1079 426 1146 tutum
444 1070 504 1144 luo
522 1080 681 1168 tempore
706 1068 884 1145 soluerint.
904 1064 1124 1169 pollidehunt
1148 1091 1192 1141 ea
1208 1067 1289 1165 ipsi.
1320 1076 1360 1143 et
1379 1066 1436 1143 lilii

318 1203 440 1254 eorum
462 1203 549 1276 quos
575 1175 733 1277 legitimo
752 1173 970 1254 matrimonio
987 1171 1173 1274 genuerint
1189 1185 1352 1275 tempore
1367 1176 1436 1251 uite

318 1286 388 1360 lue.
418 1285 460 1359 Si
494 1294 610 1360 autem
637 1286 762 1385 absque
793 1284 959 1385 legitimis
994 1281 1184 1359 heredibus
1219 1281 1436 1360 dormanno

318 1393 403 1467 nulli
422 1393 466 1468 de
483 1392 694 1492 cognatione
714 1418 834 1469 eorum
851 1389 971 1491 aliquit
986 1388 1074 1466 iuris
1090 1390 1265 1466 hnhebunt
1292 1391 1330 1466 in
1357 1417 1438 1494 pre·

319 1500 423 1578 dictis
440 1500 553 1577 honis.
573 1501 707 1577 onres
723 1512 838 1578 autem
857 1499 1046 1577 eorundem
1072 1498 1231 1574 fratrum.
1251 1523 1340 1599 quas
1357 1512 1439 1577 tune

318 1609 521 1686 habuemmt.
547 1632 627 1684 oum
653 1609 886 1717 ipsispredia
910 1606 1118 1684 contulimus
1142 1606 1169 1680 li
1192 1606 1269 1708 post
1286 1620 1437 1685 mortem

318 1716 474 1817 ipsomm
508 1717 770 1818 lupemixerint.
797 1717 973 1810 habebunt
1001 1739 1046 1790 ea
1076 1717 1123 1790 ad
1150 1714 1337 1791 terminum
1367 1717 1452 1810 uite

318 1825 389 1900 lue.
407 1825 467 1898 lub
485 1825 643 1929 predicto
661 1827 776 1902 censu.
795 1838 831 1904 et
846 1827 871 1900 fi
888 1823 1047 1901 duxerint
1064 1823 1153 1899 ulios
1166 1823 1263 1900 uiros
1276 1833 1314 1900 et
1326 1848 1440 1923 genu·

319 1933 410 2010 erint
436 1933 550 2010 exeis
581 1933 722 2012 liberos.
747 1933 856 2011 nichil
877 1931 1067 2035 pertinebit
1094 1934 1139 2007 ad
1156 1957 1220 2008 eos
1254 1932 1299 2008 tle
1323 1934 1435 2011 bonis.

269 2132 272 2136 ‚
318 2042 379 2117 led
402 2040 478 2141 post
502 2050 651 2117 mortem
676 2068 806 2119 earum.
834 2043 956 2142 predia
985 2040 1245 2140 predictarum
1277 2042 1439 2119 omnihus

318 2147 514 2224 mobilibus.
535 2175 601 2248 que
618 2150 655 2226 in
673 2151 724 2226 eis
738 2149 879 2227 inuenta
895 2149 1022 2226 fuerim
1040 2149 1084 2223 ad
1102 2147 1288 2225 ecclesiam
1319 2175 1439 2226 reuen-

319 2265 450 2333 tentur.
476 2256 578 2333 Hanc
595 2268 712 2334 autem
739 2259 962 2335 donationem
980 2266 1149 2334 nostram.
1175 2267 1213 2332 nt
1231 2282 1274 2333 ex
1291 2269 1439 2359 nhaqm

318 2374 419 2463 parte
438 2364 565 2441 stabilis
585 2377 802 2467 permaneat.
833 2367 992 2443 dominus
1010 2375 1132 2442 noster
1155 2364 1241 2440 oux
1254 2364 1439 2442 Auferte

319 2472 581 2571 Liupoldus.
609 2476 681 2573 qui
706 2476 767 2550 eit
797 2476 1045 2551 aduocatos
1066 2473 1232 2548 noster.
1259 2473 1367 2576 tigilli
1393 2471 1441 2548 lui

322 2580 509 2656 haractere
536 2583 766 2687 confirmauit.
795 2583 916 2658 'lebes
930 2582 1032 2657 huius
1057 2582 1111 2656 rei
1129 2590 1221 2656 sunt.
1241 2581 1439 2658 lladmarus

320 2688 366 2762 de
384 2683 626 2768 Sunneberoh.
640 2692 827 2791 Pilgrimus
841 2692 886 2766 de
903 2689 1096 2766 Eherstorf.
1115 2688 1273 2767 enolfus
1287 2692 1334 2767 de
1346 2691 1442 2767 Rut-

321 2795 480 2873 kerhorf.
508 2806 544 2872 et
557 2799 615 2875 alii
629 2824 732 2901 mam
749 2801 879 2902 plures.
896 2801 990 2879 Acta
1006 2798 1163 2892 lunthee
1185 2823 1275 2874 anno
1298 2798 1439 2878 Christi.

321 2919 580 2995 tt⁰cc⁰xxv1ut

843 3088 921 3164 XV.

322 3224 436 3294 Herzog
447 3225 611 3282 Friedriebs
623 3225 657 3308 ΙΙ.7
668 3225 880 3298 Entecheidung
890 3229 921 3282 in
939 3225 990 3283 (lor
1008 3226 1186 3283 Streitsrehe
1201 3223 1257 3282 deo
1274 3227 1377 3286 stlte·
1394 3227 1442 3283 nit

324 3314 378 3388 her
394 3318 512 3374 Wittwe
529 3316 643 3374 comat
660 3316 711 3384 hes
723 3317 877 3374 Schwabon
888 3319 960 3373 tther
976 3317 1089 3378 thser
1105 3317 1162 3371 und
1180 3318 1380 3388 weingarten,
1398 3317 1441 3375 tie

583 3424 620 3465 zu
637 3407 814 3483 Leibgetling
830 3409 960 3480 gegeben
977 3423 1082 3472 waren.
1103 3411 1181 3463 1231.
1230 3423 1233 3427 ·

403 3556 445 3630 ln
463 3555 605 3631 nominc
630 3555 741 3657 patris
759 3564 793 3630 et
809 3555 870 3630 filii
898 3565 934 3630 et
960 3556 1097 3652 spiritus
1114 3553 1235 3651 lancti.
1263 3554 1391 3632 Amen.

403 3661 534 3739 Notum
568 3665 609 3738 lit
636 3665 795 3759 omnibus
820 3673 892 3739 mm
920 3664 1136 3763 presentibus
1167 3687 1272 3764 quam
1305 3664 1440 3740 futuris

325 3771 416 3871 quod
427 3771 501 3870 poll
509 3783 658 3848 mortem
666 3773 841 3866 Chunradi
852 3773 969 3847 Sweni
980 3772 1098 3847 militis
1109 3772 1440 3861 ciuisWiennensis.

325 3879 382 3977 qui
402 3879 463 3952 suit
481 3880 583 3957 homo
607 3883 761 3958 ecclesio
779 3881 1081 3981 Niumhurgensis.
1101 3891 1178 3956 orta
1195 3880 1245 3956 eft
1262 3881 1444 3965 contentio

323 3989 414 4064 inter
446 3990 594 4088 predicti
614 3988 654 4063 C.
689 3990 846 4086 relictam
875 3992 1026 4065 uiduam.
1055 4016 1123 4089 que
1156 3990 1343 4066 ecclesiam
1370 3989 1443 4090 jam

324 4095 453 4171 dictam
478 4098 520 4172 de
540 4098 697 4173 omnibus
715 4099 973 4199 poilelfionihue
992 4123 1079 4196 quas
1097 4093 1216 4174 hahuit
1232 4098 1328 4173 idem
1346 4097 1389 4172 C.
1409 4097 1444 4171 in

325 4205 561 4304 Chalnperge.
579 4219 651 4282 tam
677 4208 790 4282 uineis
809 4233 909 4307 quam
926 4206 1104 4283 curtilibus
1134 4206 1275 4282 dicente
1293 4205 1445 4284 ecclesia

325 4314 462 4389 easdem
480 4316 700 4413 poffeffioncs
715 4316 775 4390 libi
789 4319 950 4392 attinere.
969 4313 1045 4391 iure
1057 4315 1149 4415 quod
1164 4315 1291 4391 dicitnr
1310 4315 1445 4414 Lipge·

325 4421 431 4522 «linge
457 4425 565 4503 'uidua
590 4436 704 4501 autem
725 4426 905 4524 attestante
932 4426 1008 4501 luas
1038 4425 1104 4502 ello
1133 4422 1207 4501 iure
1228 4427 1323 4525 quod
1346 4425 1445 4503 tonat
