3008 5070
257 496 307 571 atr
612 484 704 558 con.
730 493 1013 558 rnnnrrronun
1136 474 1138 479 ’

253 661 345 733 mine
367 659 552 756 Sigiohum
572 659 672 755 super
692 659 803 734 attare
826 659 958 752 Sancte
983 658 1092 750 Mario
1121 661 1166 733 (ab
1197 673 1380 744 censumv

254 767 477 843 denariorum
496 777 577 866 post
594 770 726 841 obitum
744 768 851 841 suum.
882 768 992 841 Huius
1021 792 1075 840 rer
1064 765 1196 840 testes
1222 768 1299 841 sunt
1319 767 1379 841 Si-

252 879 379 952 brecht
392 872 524 950 Ridolt'
536 873 672 950 Retwin
693 851 833 949 ddtlsrit
853 876 949 950 Erbo
972 875 1063 949 filius
1074 876 1227 949 eiusdem
1248 860 1377 950 Wirnt

183 993 234 1047 ¹1¹¹
333 987 458 1076 Pateat
476 984 611 1059 eunctis
630 983 764 1057 Christi
777 985 936 1058 fidelibus
962 984 1111 1080 qualiter
1132 987 1287 1058 German
1306 993 1379 1058 tra·

252 1095 337 1168 didit
356 1094 400 1166 ad
420 1094 530 1166 altare
551 1093 683 1184 Sancte
704 1092 814 1185 Marie
835 1093 994 1166 anciliam
1014 1093 1152 1165 nomine
1172 1093 1376 1166 Mathildam

251 1204 296 1278 oh
332 1202 473 1276 censum
495 1219 520 1280 v
539 1201 774 1276 denariorum.
802 1202 913 1274 Huius
932 1202 984 1274 rei
1005 1200 1192 1275 testessunt
1210 1199 1388 1292 thott

250 1314 301 1386 de
316 1309 606 1409 Circhlingen
625 1313 720 1401 (eie)
735 1308 893 1384 'tiemo
914 1310 957 1382 de
977 1310 1100 1383 eodem
1117 1308 1379 1384 locoPerhtold

250 1422 294 1495 de
313 1418 621 1517 Reynoldesperge
643 1427 678 1489 et
697 1415 786 1489 tilius
796 1417 870 1490 eius
893 1417 1075 1492 Hartwich
1093 1418 1193 1490 breui
1212 1418 1321 1492 colio.

182 1539 231 1591 ιιι
330 1527 488 1601 Roboret
499 1528 558 1602 suo
575 1524 768 1600 testimonie
779 1527 923 1622 quisque
935 1526 1046 1599 fidelis
1060 1528 1153 1623 quod
1173 1536 1379 1599 matrona

252 1633 718 1734 quedamresigiosanomine
737 1630 846 1707 'sita
866 1634 1150 1740 deEllsaren.
1171 1634 1315 1708 tradidit
1334 1635 1378 1707 ad

250 1745 361 1819 altare
382 1744 514 1835 Sancte
536 1740 646 1834 Mario
667 1741 839 1836 quendam
859 1742 1024 1816 famulum
1043 1743 1138 1816 suum
1151 1742 1290 1816 nomine
1312 1742 1378 1814 01-

251 1854 377 1927 saicum
395 1877 460 1951 per
480 1874 622 1924 manum
642 1850 846 1923 Prvnwardi
867 1853 909 1925 de
925 1851 1102 1925 Widnieh.
1123 1853 1167 1925 ad
1195 1850 1376 1925 censuram

251 1960 526 2039 Vdenariorom.
549 1956 652 2045 Quod
671 1968 709 2032 ut
727 1967 841 2032 ratum
870 1969 1074 2059 permaneat
1093 1960 1126 2032 in
1145 1958 1376 2032 testimonium

248 2070 423 2145 ducuntur
450 2064 652 2140 Prvnricus.
680 2067 892 2141 Adelbertus
918 2069 1154 2142 cementarius
1175 2067 1376 2142 Hartwicus

249 2178 308 2274 qui
327 2172 593 2272 cognominatur
607 2176 867 2250 breuecollum.
887 2175 1089 2250 Rudwinus.
1110 2175 1377 2264 Queetiamea·

249 2283 727 2382 demdiesucoedenteparuo
739 2285 922 2358 interuallo
933 2284 1269 2381 delegauitmatrem
1280 2286 1376 2359 eius·

249 2396 328 2470 dem
348 2392 396 2466 sui
416 2390 648 2488 samuliquem
661 2393 854 2466 tradiderat
867 2394 1006 2466 nomine
1023 2392 1216 2492 Hirmigart
1237 2392 1298 2467 suh
1314 2419 1376 2466 ea-

247 2502 326 2575 dem
346 2501 729 2596 conditione.quodsuo
747 2501 941 2575 testimonio
957 2500 1124 2576 memorie
1147 2503 1370 2586 comendant.

245 2606 1369 2705 wichart.tttdottus.Nundineh.together-tusarnotdutPrte-

246 2717 399 2792 wurdus.
419 2718 654 2791 Pernhardvs.

178 2844 231 2896 ιιι
330 2824 460 2901 Notum
479 2825 519 2899 sn
537 2827 696 2897 omnibus
711 2835 782 2899 tam
795 2825 922 2899 suturis
937 2852 1039 2925 quam
1049 2826 1266 2923 presentibus
1279 2829 1373 2923 quod

245 2933 1373 3033 ego.HermunnusdeigraeiaAugustensiseccse-

244 3043 309 3117 sie
329 3043 586 3140 episcopus.
606 3043 688 3114 dum
714 3042 801 3116 irem
833 3067 912 3117 cum
931 3042 1098 3118 Gesare
1118 3044 1371 3119 Henricoin

246 3150 422 3225 communi
453 3149 681 3248 expedicione
712 3151 747 3222 in
765 3150 977 3248 Ungariam,
1005 3152 1121 3226 inueni
1141 3153 1306 3248 quosdam
1327 3153 1372 3225 de

243 3258 374 3332 inmitia
396 3285 475 3333 mea
492 3257 631 3332 nomine
645 3259 765 3333 Encen
781 3271 817 3333 et
825 3285 968 3333 uxorem
988 3260 1063 3335 eius
1079 3262 1204 3334 Heinri.
1219 3261 1371 3360 Diepol-

244 3367 1373 3466 dumetuxoremeius.RiehiltetOninsratremDiepoldi.Rein-

243 3484 563 3571 gerumetuxorem
578 3477 826 3552 eiusWacetn.
846 3478 1066 3575 Rapotonem
1080 3494 1116 3552 et
1136 3501 1278 3551 uxorem
1295 3477 1371 3551 eius

243 3581 382 3656 nomine
406 3581 582 3683 Hiltegart
603 3596 638 3658 et
662 3586 818 3660 sororem
841 3584 1014 3684 Perngeri
1033 3585 1184 3681 lrngart.
1215 3585 1282 3659 hos
1304 3610 1369 3681 pro

243 3689 348 3764 salute
376 3689 489 3782 anime
523 3718 600 3786 mee
626 3705 662 3767 et
692 3719 757 3790 pro
793 3692 969 3791 peticione
1003 3718 1125 3767 eorum
1154 3692 1371 3792 potestatiua

241 3821 345 3871 manu
377 3799 537 3898 presente
571 3802 773 3876 marchione
803 3801 987 3898 Liupoldo.
1030 3801 1225 3898 ceterisque
1265 3800 1371 3874 mini·

242 3906 438 3983 sterialihus
463 3906 538 3980 suis.
573 3909 672 4007 super
701 3912 811 3985 altare
841 3910 974 3984 Sancte
1000 3910 1110 3983 Mario
1136 3910 1370 3983 Niuuenburc

240 4017 476 4090 adannualem
492 4017 630 4090 censum
645 4035 670 4094 v
684 4019 906 4094 denariorum
924 4045 1002 4091 cum
1018 4018 1172 4114 sequenti
1186 4016 1370 4113 posterita-

241 4135 288 4199 te.
315 4125 449 4200 semota
471 4126 565 4199 omni
585 4128 861 4202 contradictione
877 4127 1086 4202 contradidi.
1099 4127 1209 4200 Huius
1222 4127 1271 4197 rei
1292 4127 1369 4200 suot

240 4232 351 4307 testes.
372 4237 558 4309 Prunwart
585 4234 735 4331 piscator
764 4233 977 4309 anarchionis
997 4235 1170 4331 Livpoldi.
1201 4233 1366 4307 ililsunclr

239 4342 284 4415 de
300 4339 562 4439 Rorigenwitiu.
587 4342 779 4439 Livpostde
793 4341 1017 4416 Widenicsre:
1032 4344 1161 4415 'Gnane
1182 4345 1224 4415 de
1237 4342 1368 4415 Ericin-

240 4449 329 4525 stors
342 4461 377 4524 et
396 4452 575 4525 Albrocht.
600 4452 692 4524 Prun
714 4454 754 4524 de
773 4452 983 4548 Pustulterge
1004 4465 1037 4524 et
1056 4451 1367 4546 Airarnuscoqmn
