3008 5070
239 471 289 542 ru
461 497 464 504 -
533 441 539 454 '
605 453 999 535 ceommundum

238 628 395 704 eiusdem
417 629 558 705 Ottunil
581 630 742 730 prepuliti
768 630 903 730 putenti
929 626 1172 701 manu-Huius
1192 625 1244 698 rei
1264 609 1368 702 tedel

239 733 618 835 luutpernureltraeti.
633 734 1232 838 LupeldulliliulOtaeheri
1252 761 1362 808 mae

239 845 431 920 chionis.
458 847 678 927 Lutuldul
702 847 832 922 liliul
854 844 1132 942 Weregandi
1167 841 1362 917 comitis.

235 944 325 1028 'otto
345 954 481 1053 dapifer
501 956 720 1030 marchionis.
747 954 1057 1029 Theodericus
1072 951 1206 1026 liliul
1221 952 1364 1049 Rapa·

183 1146 187 1154 ⁴
239 1059 1363 1138 tunil.SturhlriduldeBrihlinldahudeGuttinellelde.

240 1171 455 1268 Beringerul
470 1173 666 1247 bannerius.

133 1289 220 1345 enac
320 1277 450 1354 Netum
470 1281 509 1354 ht
529 1281 688 1356 omnihus
707 1279 839 1354 Christi
862 1278 1031 1367 fidelibus,
1055 1278 1204 1374 qualiter
1224 1274 1365 1374 Megin-

165 1431 169 1438 ·
240 1387 380 1462 wardul
394 1399 429 1462 et
448 1391 565 1466 Gener
583 1388 686 1488 ipliul
702 1389 785 1462 Otto
804 1387 1022 1463 tradiderunt
1036 1388 1079 1462 ad
1099 1387 1209 1459 altare
1231 1383 1366 1478 Sancte

241 1496 352 1589 Marie
379 1498 535 1594 predium
562 1523 666 1572 unum
696 1508 730 1569 et
758 1497 892 1569 uineam
922 1522 998 1569 eum
1028 1520 1109 1568 area
1134 1493 1368 1599 firinuingen.

241 1603 352 1677 lluiul
367 1607 418 1681 rei
440 1606 543 1680 tedes
557 1606 632 1680 lunt
650 1603 854 1679 Anlhelmul
865 1605 907 1677 de
928 1606 1105 1684 Brunnnn.
1126 1599 1311 1676 Odelrieul
1326 1602 1369 1676 de

244 1710 467 1813 Sigelringen
479 1726 515 1788 et
525 1713 625 1798 miles
631 1713 734 1811 iphul
740 1711 889 1786 eiusdem
899 1713 1091 1787 nominil.et
1102 1709 1372 1785 duofratrel'llt-

60 1886 71 1917 ,
241 1820 341 1897 tonis.
357 1822 549 1896 Welandul
563 1832 598 1896 et
618 1795 784 1895 dtelinul.
804 1820 1039 1919 Engilhardul
1051 1819 1202 1895 lareriul
1217 1819 1370 1892 illerum.

49 1982 52 1989 r
162 1940 216 1994 2⁰3
323 1930 431 2005 lldem
468 1935 562 2024 (sie)
581 1928 821 2006 attestantibus
837 1931 980 2005 tradidit
1006 1930 1096 2002 idem
1117 1925 1378 2024 hlegiuwardul'

242 2039 419 2138 preprium
438 2039 572 2112 seruum
592 2038 640 2112 lui
658 2035 806 2112 numinil
822 2036 865 2110 ed
883 2039 966 2112 illud
985 2039 1077 2112 idem
1089 2038 1205 2111 altare
1225 2037 1270 2109 nh
1287 2061 1372 2109 een·

241 2147 314 2221 lum
340 2146 480 2241 lingulis
501 2145 640 2225 anu'ilv
660 2146 878 2220 denariorum
906 2173 969 2247 pro
991 2146 1144 2221 remedio
1177 2144 1293 2237 anime
1316 2144 1375 2218 lue

244 2255 337 2329 hmul
356 2254 508 2328 emnium
527 2264 709 2353 pareutum
730 2254 876 2326 luorum.
990 2266 993 2272 '

165 2373 244 2450 2⁰4,
326 2360 457 2467 Netum
485 2363 524 2437 lit
547 2363 707 2458 omnihus
727 2361 858 2436 Christi
877 2363 1035 2439 fidelihus
1064 2362 1214 2460 qualiter
1234 2361 1373 2458 Gumpn

247 2473 290 2546 de
309 2471 461 2546 Medelie
481 2473 624 2547 tradidit
635 2475 678 2546 ad
699 2473 808 2546 altare
825 2471 957 2565 Sancte
978 2473 1086 2565 Marie
1103 2470 1274 2567 quandam
1290 2495 1377 2567 par·

247 2583 320 2655 tem
340 2579 451 2676 predii
469 2580 516 2653 l'ui
536 2581 665 2656 ibidem
686 2580 840 2655 iacentil.
865 2580 1012 2656 Scilicet
1033 2581 1120 2656 dual
1134 2577 1235 2654 areni
1251 2588 1287 2652 et
1311 2578 1377 2651 le·

249 2688 398 2787 decim
417 2688 582 2787 iugera
602 2700 638 2763 et
660 2686 763 2761 huam
791 2714 908 2762 aream
928 2691 963 2763 in
982 2691 1050 2765 alio
1070 2691 1150 2765 leun
1170 2687 1228 2783 qui
1248 2687 1377 2760 dieitur

151 2800 238 2838 Μ’*
250 2797 470 2873 Velewen.
490 2823 570 2872 eum
589 2797 699 2871 trihus
711 2797 890 2894 iugeribus
905 2799 1124 2874 concedisne
1136 2795 1264 2870 domini
1280 2818 1376 2867 mar·

248 2904 396 2980 chionis.
415 2904 526 2979 Huiul
542 2905 704 2980 reitehel
721 2905 806 2979 lunt.
827 2907 962 3006 Gumpo
983 2909 1026 2981 de
1039 2905 1242 2982 Wurhe'n.
1262 2904 1375 2976 Hein-

249 3013 344 3089 rienl
364 3013 564 3088 llanlhelmi
588 3013 688 3086 liliul.
709 3013 910 3088 Gotelridnl
933 3015 1023 3089 lilius
1044 3011 1374 3113 Puppunilhupnl-

250 3123 314 3196 dus
328 3123 417 3196 filius
431 3122 588 3195 llernehi
608 3122 746 3197 iudicis.
761 3122 962 3197 Remundul'
977 3123 1065 3197 filius
1073 3120 1240 3197 Odalriei.
1267 3119 1375 3193 Adel·

251 3231 375 3322 hardul
391 3229 560 3304 lerreriul
577 3230 733 3304 (lddonis
749 3232 928 3328 prepositi.
1091 3222 1092 3225 ¹
1288 3229 1291 3234 ’
1372 3264 1375 3268 ’

171 3355 224 3407 ees
331 3339 531 3413 lnlimamul
546 3339 704 3413 omnihus
725 3339 856 3414 Christi
876 3340 1034 3414 fidelihul
1058 3339 1206 3435 qualiter
1236 3335 1378 3411 Odalri·

253 3446 363 3522 culde
378 3448 598 3546 Svueringen
612 3446 754 3522 tradidit
772 3449 816 3521 ad
830 3451 940 3541 altare
953 3449 1085 3540 Sancte
1101 3448 1211 3539 hlnrie
1238 3446 1375 3519 vineam

136 3548 152 3585 Β
253 3566 289 3630 et
306 3556 458 3629 'rnanlum
485 3582 591 3631 unum
611 3555 1050 3652 Regenuldelhereh
1070 3556 1177 3630 litum.
1203 3553 1305 3652 huius
1326 3551 1375 3627 rei

253 3663 356 3738 testei
367 3663 452 3737 lunt.
468 3663 1017 3743 ddelhereCinehe.Gerunelr
1039 3662 1235 3740 de'lulhi
1247 3689 1269 3735 n
1281 3688 1376 3755 nen.

253 3771 665 3847 Gerhneh.ddelivardul
690 3773 1021 3849 uellennarius.
1044 3774 1188 3847 llawart
1207 3770 1250 3844 de
1271 3771 1374 3844 Wid·

251 3880 953 3981 niehDiemedechirehlingen.
1030 3874 1033 3879 ’
1116 3956 1119 3961 .

147 4002 233 4057 2⁰6⁰
331 3990 417 4063 ltem
443 3989 641 4064 intimamus
677 3991 847 4077 omnihus,
885 3990 1031 4087 qualiter
1057 3987 1304 4087 Regenhrecht
1343 3995 1380 4058 et

251 4098 483 4174 Adelhuldul.
512 4098 719 4172 tradiderint
740 4101 784 4173 ad
803 4099 911 4174 altare
933 4098 1062 4193 Sancte
1082 4098 1191 4190 hlarie
1212 4095 1379 4169 Perhtam

253 4232 330 4282 euru
348 4225 443 4286 vll‘m
458 4206 537 4279 hliil
553 4231 595 4279 ae
613 4206 749 4282 filiabus
769 4207 844 4281 luil.
865 4207 1003 4303 lingulil
1021 4205 1119 4281 annil
1135 4206 1179 4281 oh
1201 4203 1379 4280 eenlumv

256 4317 487 4390 denariorum.
504 4315 606 4388 huius
622 4316 671 4387 rei
691 4317 792 4390 tehel
808 4316 896 4389 lunt.
916 4315 1126 4415 Leupnldul.
1145 4314 1301 4386 llawart.
1318 4311 1382 4384 Pi-

255 4423 536 4521 ligrimushaler
546 4423 856 4523 Opnldi.Sivritde
867 4422 1220 4520 hlulingen.Wulsnlt
1230 4421 1273 4494 de
1284 4419 1379 4494 lere.
