3008 5070
407 483 835 551 CLAUSTRONEOBURG.
1133 491 1183 566 51'

59 677 140 728 rum
157 675 202 727 ac
220 649 413 725 mulierum.
432 649 544 725 Huius
557 675 610 726 rer
599 649 731 726 testes
745 650 821 726 tunt
834 647 1002 750 Piligrim.
1018 649 1183 728 Adalram
1282 720 1285 725 .

59 758 235 837 Pmnrihc
253 756 490 835 ataliimulti.
1291 765 1295 774 '

141 870 275 944 Notum
300 866 340 943 fit
366 865 527 941 fidelibus
552 863 714 943 omnibus
731 864 864 942 Christi
888 865 1037 966 qualitor
1050 797 1184 966 Lupoi·
1201 876 1256 932 *δι

60 979 126 1054 dvs
150 975 308 1053 marchio
335 982 506 1050 annuente
524 974 674 1070 coniuge
693 973 752 1049 sua
771 984 808 1050 ct
825 973 896 1050 filio
914 973 988 1050 ruo
993 974 1186 1053 Adalberto

59 1085 205 1163 tradidit
218 1085 264 1161 ad
282 1081 393 1159 altare
413 1083 548 1158 Sancto
564 1083 678 1157 Maria
696 1082 852 1183 Virginis
870 1084 1025 1158 manium
1043 1110 1187 1184 cvmpo·

60 1195 118 1271 ιιίῐ
131 1204 261 1291 rogatu
278 1191 337 1267 suo
356 1192 426 1267 line
445 1216 538 1266 omni
527 1189 872 1266 contradictione
839 1216 993 1268 errorum
1006 1215 1050 1267 ac
1063 1192 1189 1268 mulie-

60 1330 155 1382 ruua
172 1301 286 1377 Huius
304 1298 473 1377 reitestei
482 1299 557 1373 funt
578 1297 754 1375 Adalbero
776 1297 1007 1398 Chelbirgarl'
1020 1300 1188 1377 Anshalm

61 1414 108 1488 da
130 1413 230 1488 Brun
246 1408 427 1484 Adalwart
448 1405 643 1506 Reginhart
668 1406 769 1482 milei
790 1407 951 1482 advocati
968 1432 1032 1506 par
1049 1433 1188 1484 manvm

62 1517 279 1597 advocati
297 1516 453 1595 nostri
472 1514 669 1592 Rvdolsi.
687 1515 766 1591 Hac
781 1515 993 1591 factasunt
982 1517 1190 1617 rnproxima

61 1654 107 1731 ep
108 1626 296 1730 pidomada
314 1626 574 1721 (hebdomada)
594 1622 799 1721 eppiphanic
819 1622 962 1700 domini.

108 1654 340 1811 pariendum
353 1733 393 1810 fit
407 1730 565 1809 omnibus
579 1732 669 1830 quod
689 1732 845 1807 marchio
859 1732 1063 1831 Leupoldus
1076 1733 1187 1809 tradi·
1196 1736 1284 1795 ²5³⁰

63 1845 118 1921 dit
142 1867 250 1942 supra
270 1867 367 1917 aram
387 1838 834 1916 SancteMaricMahthilth
848 1865 929 1915 cum
942 1840 1012 1914 tilia
1024 1840 1083 1916 sua
1096 1842 1191 1919 Hilt-

64 1963 155 2052 gunt
170 1951 359 2027 facundum
376 1949 579 2048 petitionem
598 1947 748 2046 ipsarum
767 1974 846 2024 cum
860 1949 1019 2024 omnibus
1038 1951 1192 2048 posteris

62 2061 146 2137 iuis.
156 2060 200 2134 ad
217 2059 357 2133 conium
365 2077 404 2142 v,
415 2058 650 2132 denariorum.
657 2056 769 2130 Huius
783 2057 834 2130 rai
843 2057 949 2131 testei
962 2057 1193 2135 suntRnntol·

63 2171 131 2245 dus
152 2169 196 2244 de
215 2165 370 2242 Steirfrit
389 2165 499 2241 ciram
516 2189 626 2242 cocus
644 2166 795 2240 Gonutn.
815 2164 1016 2242 Hecherich
1029 2168 1075 2243 de
1093 2167 1192 2243 Neu·

61 2277 188 2353 burch.
204 2285 241 2351 at
259 2276 318 2351 alii
331 2299 435 2372 quam
453 2274 582 2374 plures.

145 2385 247 2460 Anno
262 2398 304 2462 n.
321 2380 763 2463 c.n.1110Adelheidit
776 2380 1087 2480 deFlinfpach
1115 2387 1261 2461 tra-25⁴

64 2492 157 2569 didit
173 2493 311 2567 cineam
335 2514 440 2564 unam
461 2489 592 2564 ibidem
623 2490 719 2565 fitam
743 2489 840 2587 agris
861 2488 1011 2565 locatam
1039 2494 1193 2590 ecclesia

63 2627 132 2701 per
152 2625 276 2676 manus
296 2598 447 2673 filiorum
464 2598 602 2673 suorum
621 2597 835 2673 Leutoldi
855 2606 896 2673 et
915 2597 1100 2675 Ockoni.
1119 2603 1194 2680 ne-

63 2708 133 2786 stei
146 2709 224 2785 iunt
243 2707 481 2798 Arnpldui
504 2707 690 2782 maritus
710 2706 860 2806 ipl'ius.
891 2707 990 2783 Otto.
1022 2709 1199 2787 Rinkerur

62 2818 108 2895 da
128 2817 350 2919 Pufinpargs.

144 2926 227 3001 Hoc
251 2948 390 3022 quoque
417 2934 538 2999 notum
565 2923 604 2998 fit
622 2923 714 3022 quod
738 2923 886 3022 medam
913 2925 1022 3020 libere
1042 2926 1288 3026 porionpannc

67 3034 113 3109 de
144 3030 408 3109 Michelendorf.
442 3032 566 3132 Geppa
591 3032 754 3107 uidelicet
785 3043 820 3107 et
851 3032 912 3106 filii
944 3033 1020 3108 eius
1046 3035 1195 3132 Leupolt

64 3152 102 3219 et
128 3142 320 3241 Herdagan
339 3162 421 3214 cum
439 3167 547 3216 uxore
573 3141 633 3216 sua
650 3140 837 3215 Leucarda
855 3150 891 3216 et
909 3142 1086 3240 Hiltegart
1096 3142 1195 3220 soror

61 3249 217 3348 ipsorum
238 3250 456 3325 deuoucrunt
473 3273 514 3323 se
533 3273 681 3323 annuum
701 3249 841 3323 censum
866 3267 892 3328 v
911 3276 1130 3325 nummorum
1149 3253 1194 3327 ad

62 3358 178 3434 altare
196 3358 328 3433 Sancte
339 3357 450 3432 Mario
464 3357 678 3457 persoluere.
698 3357 854 3433 Testesh
856 3357 933 3431 nius
952 3384 1003 3432 rer
994 3359 1105 3432 sunt.
1122 3335 1193 3433 ὒΙ-

61 3465 568 3565 richdeldohenperge:
603 3464 763 3540 Fridrich
793 3467 840 3540 de
868 3463 1042 3565 Rorpach.
1065 3466 1194 3543 Gotirit

61 3575 107 3649 da
121 3574 318 3675 Retnpuch.
338 3574 564 3649 Eberhardus
582 3575 717 3649 aduena
738 3573 972 3649 Ellenhardus
990 3575 1033 3650 de
1044 3575 1194 3651 Albona.

141 3684 231 3758 itam
248 3682 437 3758 Pertoldvs
455 3683 500 3756 do
517 3682 796 3758 Hadmaresdorf
811 3681 987 3779 delegauit
1001 3708 1044 3757 eo
1063 3693 1284 3774 tenoremoc

60 3788 289 3866 Wolssearum
304 3799 340 3864 et
356 3790 578 3866 Lantsridum
597 3791 641 3865 ad
659 3789 799 3865 censum
809 3805 846 3868 v.
866 3816 1099 3867 nummorum.
1114 3796 1189 3869 utfi

59 3899 214 3974 triennio
241 3897 503 3996 supersederint
534 3899 635 3972 iuro
669 3896 912 3972 seruitutis
938 3900 1189 4001 mancipentur.

59 4005 185 4082 'defles
198 4007 251 4081 rei
270 4007 373 4082 huius
392 4007 469 4082 tunt
489 4006 694 4082 Gundoldus
721 4004 973 4081 Erchinbertus
985 4007 1189 4109 Leupoldus

59 4116 105 4195 de
119 4115 416 4214 Chaiwanparge.
437 4115 584 4189 Ortwin.
604 4114 807 4189 Guntherus
826 4113 870 4188 de
891 4113 1112 4215 Sivaringen.

97 4223 547 4324 RegnpertusDipoldus
558 4224 601 4300 de
616 4222 699 4297 uilia
709 4221 1088 4299 fimilitertradiderunt
1102 4226 1184 4303 ber·
1194 4246 1281 4303 aare

60 4339 133 4406 tam
151 4341 187 4407 ct
205 4331 346 4408 helcam
366 4330 729 4410 aduentum.'1'estet
744 4328 820 4408 sunt
841 4331 1054 4491 Woluoldus
1071 4334 1183 4414 Leut-

61 4437 173 4517 iridus
190 4438 418 4540 Rueligarus.

934 4583 976 4631 [ιθ
