3008 5070
236 505 286 584 82
593 502 685 570 001).
707 500 995 569 'l'lldlll'l'lONUll

235 683 272 747 at
285 666 495 744 Glruuradua
513 667 643 744 milites
650 694 784 744 eorum.
812 666 1229 744 HartwiausChurahall.
1247 669 1363 746 Parlr·

235 780 313 854 toll.
353 786 389 852 at
415 775 623 853 Chdnradus
650 779 844 877 linguan.
875 776 1083 852 chunradus
1108 777 1223 853 miles.
1256 779 1364 857 Bnld-

234 887 339 962 winn-
374 885 526 986 Livpnlt.
557 885 745 962 Heinriaus
763 887 808 961 de
826 885 1032 985 llintperch.
1064 886 1294 963 Danalrrrart.
1326 899 1362 964 at

234 996 293 1072 alii
310 1019 412 1094 quam
431 995 554 1093 plures.
1068 1042 1073 1050 ·
1400 1061 1404 1066 .

127 1116 216 1172 aare
313 1103 444 1178 Notum
468 1103 508 1178 lit
535 1103 694 1178 omnibus
722 1102 856 1178 christi
882 1101 1054 1176 fidelibus.
1094 1103 1188 1201 quod
1220 1103 1360 1202 quidam

127 1241 224 1335 avam.
237 1210 467 1287 ministerialis
486 1213 624 1287 comitis
637 1208 815 1285 Chdnradi
834 1211 877 1286 de
890 1210 1048 1284 Pilstein.
1078 1210 1221 1288 nomine
1240 1186 1360 1287 (ilri-

235 1346 314 1399 aus
333 1321 384 1395 de
403 1320 748 1396 Sinwalvaldan.
769 1319 912 1394 tradidit
920 1318 1099 1418 Rainpern
1111 1320 1249 1405 [aruum
1262 1320 1357 1396 fuum

232 1430 277 1504 da
301 1427 542 1503 Chrizendorf
563 1430 665 1529 super
693 1453 802 1502 aram.
842 1427 882 1501 S.
908 1428 1019 1520 illaria
1050 1428 1171 1505 adv.
1199 1428 1364 1505 denarios

232 1536 406 1612 annuatim
433 1537 627 1612 soluendus.
660 1535 714 1608 ldi
733 1535 837 1613 tester
849 1545 940 1610 sunt.
976 1535 1219 1611 willehalmus
1237 1561 1358 1612 came-

231 1646 357 1720 rarius.
399 1644 587 1720 Heinricus
605 1645 733 1719 'l'itlan
774 1643 936 1719 Perhtolt
962 1643 1155 1719 Chalhoch.
1188 1645 1357 1720 Harman.

231 1754 396 1828 Albertus
421 1753 582 1830 homines
603 1753 767 1848 aeclesia.
812 1753 1037 1828 Eberhardus
1065 1753 1187 1828 laruas
1216 1752 1356 1831 duride·

229 1863 397 1937 murman
415 1861 579 1962 piscator.

158 1984 212 2038 387
310 1969 538 2046 Notiliaamus
557 1969 715 2045 omnibus
730 1968 910 2045 Christum
929 1968 1126 2045 colentibus
1143 1978 1217 2044 tam
1234 1968 1361 2046 futuris

122 2108 162 2145 a.»
174 2108 218 2144 σοι.
229 2104 332 2179 quam
362 2077 592 2175 presentibus.
635 2078 729 2178 quud
762 2079 830 2152 dun
857 2075 984 2154 fratres
1010 2103 1157 2176 quorum
1181 2079 1356 2154 uocabula

151 2164 196 2202 Μ’
228 2197 310 2263 sunl
342 2185 693 2261 Marchwardus.
737 2195 782 2261 et
809 2160 995 2260 (llricus
1021 2186 1074 2260 da
1105 2185 1354 2285 Hiutparalr

228 2293 468 2370 ministeriales
488 2295 589 2368 ducis
600 2294 775 2396 Livpoldi.
816 2318 886 2366 uua
904 2319 986 2371 aum
1005 2306 1117 2369 matra
1135 2294 1195 2369 l'ua
1212 2295 1354 2371 nomina

229 2401 351 2479 l'dta
375 2414 410 2477 al
437 2402 613 2478 sororibus
639 2399 707 2479 luil
729 2403 860 2500 absque
879 2402 974 2477 omni
993 2400 1289 2480 contradictione.
1319 2406 1353 2478 in

231 2511 287 2587 dia
312 2511 486 2611 sepultura
513 2513 623 2612 patris
644 2536 770 2586 aarum
797 2510 937 2586 uomina
963 2486 1106 2586 dirici
1132 2512 1354 2587 tradiderint.

231 2618 272 2694 S.
295 2619 404 2714 Maria
430 2621 593 2718 omniqua
621 2618 810 2694 annuentui
828 2619 885 2695 hia
903 2618 1044 2695 domino
1064 2620 1246 2696 famulanti
1265 2621 1357 2697 uilli-

123 2726 404 2838 w5¹33fveati0nem
431 2729 522 2826 apud
549 2726 812 2804 Woltlrarldnrl
835 2752 898 2825 pro
924 2728 1081 2803 remedio
1109 2727 1222 2802 anima
1252 2730 1363 2826 patris

231 2837 279 2912 lui
308 2846 345 2911 et
372 2836 565 2910 animarum
590 2838 739 2911 suarum.
776 2836 890 2909 Huius
918 2837 970 2912 rei
996 2835 1101 2910 restes
1114 2847 1195 2911 sunt
1215 2812 1357 2913 (llriuua

182 2957 185 2963 '
230 2946 273 3020 da
297 2944 573 3018 'l'rutmanldorl
612 2945 746 3019 0rtwin
778 2944 820 3018 de
847 2944 1101 3042 Gumpendorl'.
1128 2945 1286 3020 Harbort
1314 2946 1356 3020 da

231 3050 438 3130 Potendorl.
472 3052 656 3127 llainricus
675 3053 718 3127 de
740 3052 963 3152 Steinperch.
997 3050 1180 3128 Hernicus
1199 3054 1244 3129 da
1261 3055 1356 3131 chu-

231 3163 427 3264 ailprunne.
455 3159 655 3235 Hartwieus
674 3161 718 3236 da
738 3160 892 3236 Velwan.
920 3161 1164 3263 Helphant.
1185 3172 1231 3238 et
1248 3164 1286 3238 M
1294 3188 1358 3240 ar·

233 3270 364 3346 uhort
390 3278 433 3343 et
459 3267 713 3344 Heinriuus
733 3268 1072 3368 dallintparrh.
1101 3269 1292 3346 Heinricur
1312 3273 1354 3347 da

232 3377 432 3452 'l'rebldnrl
461 3378 546 3453 otto
565 3377 608 3452 da
628 3377 803 3452 Pirbovm.
829 3376 976 3485 Diethgr
994 3394 1032 3453 et
1049 3373 1358 3456 Waltrhdnfflia·

233 3485 344 3560 tricus
370 3494 406 3560 et
423 3486 601 3561 Dietricus
627 3486 669 3560 de
689 3485 894 3582 Hinlpernh.
929 3485 1113 3562 Olrieus
1139 3495 1183 3562 at
1209 3486 1290 3564 Sil
1295 3488 1360 3563 ri·

235 3594 318 3668 dus
337 3593 598 3700 fratarveius
618 3595 668 3668 da
688 3592 1080 3693 Ohraniahparah.
1108 3593 1299 3673 Heinriaua
1326 3605 1361 3672 at

237 3700 400 3775 Walthar
417 3701 461 3775 da
479 3700 797 3778 lllriehlehirahen.
826 3701 1015 3778 Heinrirus
1029 3705 1073 3779 de
1087 3702 1359 3781 Wolllrerldort'.

238 3820 277 3887 at
293 3810 539 3885 Hartmannus.
573 3821 609 3887 at
628 3811 687 3885 alii
704 3836 808 3910 quam
827 3811 946 3909 plural
958 3809 1063 3888 tracti
1080 3821 1161 3887 sunt
1178 3836 1243 3909 par
1262 3813 1366 3890 aurel

238 3918 275 3993 in
292 3917 403 3994 tedes.

169 4043 223 4098 aaa
319 4024 453 4102 Notum
478 4025 519 4099 lit
537 4027 674 4102 runatil
687 4026 819 4103 christi
837 4026 997 4101 fidelibus
1016 4028 1109 4126 quod
1127 4029 1280 4128 quadam
1300 4031 1364 4105 do·

241 4138 336 4240 mina
359 4133 589 4209 ministerialis
608 4134 769 4233 Liupnldi
788 4135 889 4209 ducii
900 4135 1139 4236 Hmdwigil'
1152 4138 1295 4212 numine
1313 4139 1363 4213 de

241 4246 418 4320 Wrmna
436 4267 506 4318 una
524 4267 604 4318 aum
622 4241 691 4319 lilio
710 4253 748 4318 at
765 4242 838 4316 lilia
855 4240 1107 4319 Partholdo
1128 4258 1172 4321 et
1190 4246 1366 4323 Parhta

240 4351 276 4427 in
302 4352 497 4429 remedium
517 4348 630 4443 anima
648 4350 707 4425 lilii
726 4351 777 4425 l'ui
794 4345 1012 4450 Ridigari
1029 4353 1172 4427 tradidit
1189 4354 1294 4453 lupar
1311 4356 1365 4431 al·

240 4470 318 4537 tara
341 4461 448 4536 lancti
473 4456 681 4535 llliclrahalil
693 4458 905 4556 Archangeli
933 4459 966 4533 in
994 4460 1132 4536 halilica
1154 4462 1315 4563 pradivm
1340 4480 1364 4545 1.
