3008 5070
274 447 322 522 18
631 442 723 507 COD.
750 441 1045 510 runnlrlultun

180 641 253 698 sex
339 597 1401 711 Notumlitomnibusluturilaeprelentibns3qualiterEngel·

269 723 394 799 bertus
403 728 441 795 et
456 717 560 792 uxl'or
578 718 638 792 lua
648 718 841 817 Hildegunt
855 720 875 790 d
888 719 1095 793 eLuzinn
1112 717 1290 793 dimidium
1301 747 1402 795 man·

271 833 343 907 lum
370 836 455 928 aput
481 828 631 902 eandem
659 828 780 902 uillam
807 829 904 904 litum
923 826 1150 901 tradederunt
1168 826 1269 925 super
1288 829 1402 904 altare

140 963 142 967 ’
271 941 312 1014 S.
332 939 444 1014 lllarie
473 936 619 1030 uirginis
647 957 711 1035 pre
728 936 883 1012 remedio
908 936 1022 1029 anime
1049 936 1121 1027 luq.
1141 937 1255 1010 lluius
1275 937 1328 1010 rei
1347 948 1402 1012 te-

270 1048 338 1125 bel'
360 1049 436 1122 lunt
465 1044 1131 1141 EngelbertusdeSeunehrin
1164 1044 1325 1121 Chadule
1358 1049 1401 1120 de

267 1157 412 1232 bulea.
433 1152 580 1227 Starlrit
599 1154 642 1227 da
656 1154 845 1228 briblin.
862 1153 1046 1229 Pertoldus
1066 1154 1110 1226 de
1128 1153 1324 1228 birbom.

179 1276 251 1331 aux
350 1266 483 1340 Notum
494 1261 541 1344 ,fit
561 1262 654 1338 omni
674 1262 802 1360 populo
824 1261 881 1337 dei
909 1260 1059 1358 qualiter
1078 1261 1228 1361 quedam
1247 1263 1335 1359 Ν.(
1382 1305 1401 1320 -

267 1378 383 1465 mine)
395 1370 508 1470 Sigila
520 1370 664 1444 tradidit
677 1370 814 1443 vineam
826 1370 918 1469 apud
935 1371 995 1443 (lu
1008 1369 1213 1443 ndramel
1215 1371 1236 1444 d
1247 1397 1268 1444 ο
1279 1370 1332 1445 rl.
1343 1372 1399 1446 lu-

268 1507 333 1582 par
352 1482 461 1556 altare
481 1481 585 1572 beate
604 1478 751 1575 virginis
765 1478 875 1571 Mariq
896 1488 933 1552 et
953 1479 1021 1551 dun
1041 1479 1229 1578 mancipia.
1250 1481 1400 1554 Swene-

267 1590 414 1665 biltbam
440 1588 604 1664 llaulram
630 1597 666 1660 et
695 1613 834 1661 omnem
855 1586 1096 1684 posteritatem
1117 1612 1248 1662 earum.
1269 1615 1400 1662 unum·

269 1723 443 1796 quemque
464 1721 528 1797 pro
558 1693 709 1771 eenluv
736 1695 959 1769 denariorum
996 1720 1110 1768 annue
1138 1695 1397 1773 soluendorum.

181 1872 184 1880 ,
270 1805 375 1896 Quod
393 1807 417 1879 fi
435 1805 546 1880 tribus
566 1803 667 1875 annis
686 1803 908 1900 neglexerint
926 1815 962 1876 et
981 1814 1107 1900 quarto
1134 1830 1204 1878 non
1231 1830 1399 1880 eorrexe-

268 1915 348 1991 rint·
376 1912 636 2014 stipendiarius
664 1911 817 2004 ecclesie
842 1923 991 1986 maneat.
1021 1911 1151 1986 Testes.
1171 1909 1398 1988 Riidewinus.

267 2023 459 2098 Hartwieh.
480 2019 671 2117 Philippus.
690 2018 883 2093 Redoldus.
901 2017 1130 2094 Reinbertus.
1150 2020 1352 2098 Armoldus.

196 2153 233 2207 sl
349 2133 484 2207 Notum
509 2128 549 2200 fit
575 2128 732 2221 universe
754 2127 879 2201 Christi
899 2128 1049 2222 qeclesiq
1071 2130 1221 2227 qualiter
1240 2155 1399 2229 prepo-

265 2241 377 2315 litus
396 2235 680 2310 marchionis
692 2237 737 2312 N.
760 2240 938 2332 (nomine)
956 2238 1054 2311 Genu
1068 2238 1252 2313 tradiderit
1265 2239 1300 2311 in
1315 2265 1399 2312 ma·

265 2374 330 2422 nus
349 2345 506 2447 Epponil
520 2345 657 2419 seruum
671 2345 768 2431 fuum
780 2344 998 2420 Ohunnnem.
1020 2347 1250 2444 utdelegaret
1265 2348 1398 2421 eumad

266 2456 377 2531 altare
395 2453 656 2552 virginilblarie
676 2479 739 2552 pro
761 2454 903 2531 eensuv
917 2454 1288 2552 nummorumlingulil'
1301 2456 1403 2530 arinis

264 2565 511 2664 persoluenda.
533 2561 635 2652 Quod
654 2562 679 2635 li
698 2562 809 2637 tribus
828 2564 927 2636 annis
946 2563 981 2635 id
1001 2564 1197 2661 neglexerit
1216 2575 1252 2639 et
1271 2578 1396 2662 quarto

266 2671 749 2767 nonemendauerit.prelat0
765 2671 906 2744 altari
933 2671 1275 2771 stipendiarius
1294 2698 1396 2770 per·

265 2791 402 2880 petuo
421 2782 579 2856 seruus
594 2790 811 2875 permaneat.
828 2779 905 2872 Que
921 2782 1038 2854 omnia
1053 2777 1177 2856 Chdno
1194 2781 1397 2882 adimpleuit

265 2890 439 2965 adiunctis
450 2888 593 2992 tqliibus
613 2887 674 2960 hil.
696 2889 902 2963 Thiemone.
925 2888 1130 2964 Adalberto.
1152 2889 1307 2965 Serlino.
1325 2893 1398 2966 Ge·

265 2997 436 3074 behardo.
460 2996 616 3093 Orlivgo.

185 3135 247 3201 85³5
337 3102 741 3183 -Notiliramulomnibus
752 3103 883 3178 Christi
901 3104 1063 3200 fidelibus
1078 3103 1230 3203 qualiter
1245 3107 1398 3182 Eborol-

267 3214 323 3289 lus
337 3215 444 3313 pistor
457 3211 672 3288 marchionis
679 3213 721 3292 L.
742 3212 961 3313 (Leopoldr)
985 3213 1176 3288 manerium
1190 3240 1294 3289 unum
1321 3242 1397 3290 ern·

265 3332 361 3423 ptum
381 3321 529 3423 pecunia
537 3321 576 3395 S.
593 3320 705 3413 Marie
726 3322 906 3417 delegauit
920 3323 964 3395 ad
979 3322 1089 3396 altare
1103 3321 1258 3398 eiusdem
1271 3324 1389 3399 Nuen·

265 3431 370 3530 burg.
389 3432 488 3505 litum
508 3427 716 3503 Halelbaeb.
736 3428 849 3503 lluius
869 3429 921 3503 rei
935 3430 1039 3504 testes
1053 3432 1128 3504 lunt
1146 3430 1238 3531 Rap
1251 3442 1325 3508 oto
1346 3434 1399 3509 de

268 3537 610 3613 Gnannandorl.
631 3536 769 3611 Haimn.
786 3537 1004 3614 Perhwinus.
1028 3539 1181 3613 llinrich.

183 3678 253 3735 sex
353 3649 484 3723 Notum
503 3647 631 3721 littam
650 3645 866 3744 presentibus
885 3672 989 3746 quam
1012 3648 1222 3722 absentibus.
1248 3649 1399 3746 qualiter

269 3754 625 3852 marchiobivpoldus
641 3780 721 3829 cum
741 3754 847 3828 nobili
863 3780 1028 3852 compare
1043 3756 1249 3854 luaAgnete
1263 3759 1399 3856 potenti

269 3890 373 3939 manu
383 3863 507 3966 predia
520 3861 1069 3964 becPhirbomin.Niuwenpurg.
1084 3866 1220 3940 Luiben
1231 3882 1258 3943 v
1268 3867 1397 3941 uineas.

269 3974 403 4049 Paden.
423 3972 764 4069 decimationemque
784 3972 896 4046 curtis
908 3973 966 4066 luq
986 3972 1021 4047 in
1050 4000 1189 4049 manum
1212 3975 1404 4049 eomitil

269 4082 360 4157 Geb
371 4108 390 4157 e
401 4080 528 4154 hardi
549 4080 691 4154 tradidit
711 4080 994 4178 Niwenburgenli
1010 4083 1155 4177 qeeleliq
1171 4086 1216 4158 ad
1227 4083 1399 4159 honorem

270 4189 402 4284 Sancte
418 4189 530 4281 Marie
550 4213 640 4261 anno
664 4187 917 4289 incarnationis
940 4190 1070 4264 domini
1085 4208 1125 4269 Μ.
1144 4207 1180 4272 c.
1197 4207 1278 4271 xlll.
1303 4191 1398 4267 lndi·

269 4297 1398 4395 ctionev.'l*ellesenmelWergandus.Hartwieuslladiri·

268 4404 1004 4483 cusetsiliuseius..Bernlrardus.·
