<?xml version="1.0" encoding="UTF-8"?>
<!DOCTYPE html PUBLIC "-//W3C//DTD XHTML 1.0 Transitional//EN"
    "http://www.w3.org/TR/xhtml1/DTD/xhtml1-transitional.dtd">
<html xmlns="http://www.w3.org/1999/xhtml" xml:lang="en" lang="en">
 <head>
  <title>
</title>
<meta http-equiv="Content-Type" content="text/html;charset=utf-8" />
  <meta name='ocr-system' content='tesseract 3.04.00' />
  <meta name='ocr-capabilities' content='ocr_page ocr_carea ocr_par ocr_line ocrx_word'/>
</head>
<body>
  <div class='ocr_page' id='page_1' title='image "./codextraditionu00fiscgoog_0111.png"; bbox 0 0 3008 5070; ppageno 0'>
   <div class='ocr_carea' id='block_1_1' title="bbox 166 383 925 528">
    <p class='ocr_par' dir='ltr' id='par_1_1' title="bbox 166 383 925 528">
     <span class='ocr_line' id='line_1_1' title="bbox 166 383 925 528; baseline 0.001 -14"><span class='ocrx_word' id='word_1_1' title='bbox 166 448 218 528; x_wconf 76' lang='lat' dir='ltr'>ss</span> <span class='ocrx_word' id='word_1_2' title='bbox 518 383 925 515; x_wconf 56' lang='lat' dir='ltr'>ennssrnnnnrnnnn</span> 
     </span>
    </p>
   </div>
   <div class='ocr_carea' id='block_1_2' title="bbox 32 583 1288 4398">
    <p class='ocr_par' dir='ltr' id='par_1_2' title="bbox 92 583 1288 1554">
     <span class='ocr_line' id='line_1_2' title="bbox 92 583 1288 713; baseline 0.01 -35"><span class='ocrx_word' id='word_1_3' title='bbox 92 583 1288 713; x_wconf 51' lang='lat' dir='ltr'>nnmmffimfflmm</span> 
     </span>
     <span class='ocr_line' id='line_1_3' title="bbox 162 718 1286 822; baseline 0.003 -28"><span class='ocrx_word' id='word_1_4' title='bbox 162 719 257 798; x_wconf 81' lang='lat' dir='ltr'>ricus</span> <span class='ocrx_word' id='word_1_5' title='bbox 282 720 448 795; x_wconf 79' lang='lat' dir='ltr'>sacerdos</span> <span class='ocrx_word' id='word_1_6' title='bbox 471 720 516 797; x_wconf 88' lang='lat' dir='ltr'>ds</span> <span class='ocrx_word' id='word_1_7' title='bbox 542 719 712 796; x_wconf 81' lang='lat' dir='ltr'>Sancto</span> <span class='ocrx_word' id='word_1_8' title='bbox 732 721 938 822; x_wconf 79' lang='lat' dir='ltr'>Georgia</span> <span class='ocrx_word' id='word_1_9' title='bbox 959 718 1169 798; x_wconf 85' lang='lat' dir='ltr'>Stadeld.</span> <span class='ocrx_word' id='word_1_10' title='bbox 1207 748 1286 800; x_wconf 79' lang='lat' dir='ltr'>curn</span> 
     </span>
     <span class='ocr_line' id='line_1_4' title="bbox 161 827 1286 908; baseline 0.004 -6"><span class='ocrx_word' id='word_1_11' title='bbox 161 827 330 903; x_wconf 89' lang='lat' dir='ltr'>Mathilda</span> <span class='ocrx_word' id='word_1_12' title='bbox 353 828 473 904; x_wconf 80' lang='lat' dir='ltr'>sorore</span> <span class='ocrx_word' id='word_1_13' title='bbox 499 829 559 905; x_wconf 81' lang='lat' dir='ltr'>sua</span> <span class='ocrx_word' id='word_1_14' title='bbox 585 829 805 905; x_wconf 87' lang='lat' dir='ltr'>tradiderunt</span> <span class='ocrx_word' id='word_1_15' title='bbox 829 831 873 905; x_wconf 95' lang='lat' dir='ltr'>ad</span> <span class='ocrx_word' id='word_1_16' title='bbox 900 855 996 906; x_wconf 89' lang='lat' dir='ltr'>aram</span> <span class='ocrx_word' id='word_1_17' title='bbox 1023 827 1157 906; x_wconf 78' lang='lat' dir='ltr'>Sancte</span> <span class='ocrx_word' id='word_1_18' title='bbox 1177 832 1286 908; x_wconf 78' lang='lat' dir='ltr'>Maris</span> 
     </span>
     <span class='ocr_line' id='line_1_5' title="bbox 162 934 1285 1016; baseline 0.002 -5"><span class='ocrx_word' id='word_1_19' title='bbox 162 936 301 1012; x_wconf 88' lang='lat' dir='ltr'>uineam</span> <span class='ocrx_word' id='word_1_20' title='bbox 321 945 358 1012; x_wconf 91' lang='lat' dir='ltr'>et</span> <span class='ocrx_word' id='word_1_21' title='bbox 375 936 502 1012; x_wconf 81' lang='lat' dir='ltr'>curtim</span> <span class='ocrx_word' id='word_1_22' title='bbox 519 937 555 1011; x_wconf 92' lang='lat' dir='ltr'>in</span> <span class='ocrx_word' id='word_1_23' title='bbox 573 936 716 1012; x_wconf 87' lang='lat' dir='ltr'>Nuifldil</span> <span class='ocrx_word' id='word_1_24' title='bbox 729 934 840 1012; x_wconf 87' lang='lat' dir='ltr'>fitam.</span> <span class='ocrx_word' id='word_1_25' title='bbox 870 938 981 1014; x_wconf 89' lang='lat' dir='ltr'>Huius</span> <span class='ocrx_word' id='word_1_26' title='bbox 1000 938 1054 1014; x_wconf 92' lang='lat' dir='ltr'>rei</span> <span class='ocrx_word' id='word_1_27' title='bbox 1071 936 1182 1014; x_wconf 78' lang='lat' dir='ltr'>tedes</span> <span class='ocrx_word' id='word_1_28' title='bbox 1193 950 1285 1016; x_wconf 83' lang='lat' dir='ltr'>sunt.</span> 
     </span>
     <span class='ocr_line' id='line_1_6' title="bbox 161 1043 1285 1123; baseline 0.003 -3"><span class='ocrx_word' id='word_1_29' title='bbox 161 1043 369 1120; x_wconf 82' lang='lat' dir='ltr'>Ohnnradus</span> <span class='ocrx_word' id='word_1_30' title='bbox 394 1045 501 1120; x_wconf 80' lang='lat' dir='ltr'>milei.</span> <span class='ocrx_word' id='word_1_31' title='bbox 530 1045 716 1120; x_wconf 87' lang='lat' dir='ltr'>Herwiens</span> <span class='ocrx_word' id='word_1_32' title='bbox 732 1045 906 1121; x_wconf 83' lang='lat' dir='ltr'>Uorl&#39;ehii.</span> <span class='ocrx_word' id='word_1_33' title='bbox 938 1045 1126 1123; x_wconf 86' lang='lat' dir='ltr'>Hainrieus</span> <span class='ocrx_word' id='word_1_34' title='bbox 1147 1046 1285 1123; x_wconf 83' lang='lat' dir='ltr'>Smidii.</span> 
     </span>
     <span class='ocr_line' id='line_1_7' title="bbox 159 1151 1285 1253; baseline 0.003 -26"><span class='ocrx_word' id='word_1_35' title='bbox 159 1152 316 1228; x_wconf 86' lang='lat' dir='ltr'>Riwinus</span> <span class='ocrx_word' id='word_1_36' title='bbox 341 1154 385 1229; x_wconf 89' lang='lat' dir='ltr'>de</span> <span class='ocrx_word' id='word_1_37' title='bbox 410 1151 622 1253; x_wconf 77' lang='lat' dir='ltr'>Aspinsdorf.</span> <span class='ocrx_word' id='word_1_38' title='bbox 668 1152 853 1230; x_wconf 81' lang='lat' dir='ltr'>Rndolsu‘s.</span> <span class='ocrx_word' id='word_1_39' title='bbox 896 1154 1082 1231; x_wconf 83' lang='lat' dir='ltr'>Hainrieus</span> <span class='ocrx_word' id='word_1_40' title='bbox 1113 1155 1285 1232; x_wconf 80' lang='grc' dir='ltr'>Μιιιιιιιιιι.</span> 
     </span>
     <span class='ocr_line' id='line_1_8' title="bbox 159 1259 1287 1347; baseline 0.003 -11"><span class='ocrx_word' id='word_1_41' title='bbox 159 1260 358 1337; x_wconf 82' lang='lat' dir='ltr'>Hartwieus</span> <span class='ocrx_word' id='word_1_42' title='bbox 385 1259 581 1336; x_wconf 81' lang='lat' dir='ltr'>Churnhalf</span> <span class='ocrx_word' id='word_1_43' title='bbox 602 1271 637 1335; x_wconf 87' lang='lat' dir='ltr'>et</span> <span class='ocrx_word' id='word_1_44' title='bbox 666 1260 756 1336; x_wconf 87' lang='lat' dir='ltr'>filius</span> <span class='ocrx_word' id='word_1_45' title='bbox 781 1262 861 1347; x_wconf 79' lang='lat' dir='ltr'>inus</span> <span class='ocrx_word' id='word_1_46' title='bbox 888 1263 1100 1339; x_wconf 86' lang='lat' dir='ltr'>Hartwieus.</span> <span class='ocrx_word' id='word_1_47' title='bbox 1132 1263 1287 1339; x_wconf 74' lang='lat' dir='ltr'>Hermen</span> 
     </span>
     <span class='ocr_line' id='line_1_9' title="bbox 137 1367 1286 1470; baseline 0.005 -25"><span class='ocrx_word' id='word_1_48' title='bbox 137 1406 140 1411; x_wconf 94' lang='lat'>·</span> <span class='ocrx_word' id='word_1_49' title='bbox 159 1390 239 1445; x_wconf 81' lang='lat' dir='ltr'>curn</span> <span class='ocrx_word' id='word_1_50' title='bbox 258 1378 358 1469; x_wconf 88' lang='lat' dir='ltr'>patre</span> <span class='ocrx_word' id='word_1_51' title='bbox 375 1370 435 1447; x_wconf 84' lang='grc' dir='ltr'>[ιιο</span> <span class='ocrx_word' id='word_1_52' title='bbox 456 1367 644 1445; x_wconf 72' lang='lat' dir='ltr'>chunrado</span> <span class='ocrx_word' id='word_1_53' title='bbox 663 1370 904 1470; x_wconf 73' lang='lat' dir='ltr'>&#39;l&#39;rngmanno-</span> <span class='ocrx_word' id='word_1_54' title='bbox 938 1371 1022 1448; x_wconf 84' lang='lat' dir='ltr'>Otto</span> <span class='ocrx_word' id='word_1_55' title='bbox 1041 1382 1079 1446; x_wconf 85' lang='lat' dir='ltr'>et</span> <span class='ocrx_word' id='word_1_56' title='bbox 1096 1371 1286 1451; x_wconf 72' lang='lat' dir='ltr'>Heinrieus</span> 
     </span>
     <span class='ocr_line' id='line_1_10' title="bbox 160 1475 382 1556; baseline 0.01 -4"><span class='ocrx_word' id='word_1_57' title='bbox 160 1479 204 1552; x_wconf 89' lang='lat' dir='ltr'>de</span> <span class='ocrx_word' id='word_1_58' title='bbox 217 1475 382 1556; x_wconf 85' lang='lat' dir='ltr'>Stadeld.</span> 
     </span>
    </p>

    <p class='ocr_par' dir='ltr' id='par_1_3' title="bbox 89 1581 1288 2013">
     <span class='ocr_line' id='line_1_11' title="bbox 89 1581 1286 1688; baseline 0.003 -27"><span class='ocrx_word' id='word_1_59' title='bbox 89 1598 142 1653; x_wconf 74' lang='lat'>⁴⁰⁰</span> <span class='ocrx_word' id='word_1_60' title='bbox 239 1586 371 1664; x_wconf 85' lang='lat' dir='ltr'>Notum</span> <span class='ocrx_word' id='word_1_61' title='bbox 399 1587 439 1662; x_wconf 81' lang='lat' dir='ltr'>fit</span> <span class='ocrx_word' id='word_1_62' title='bbox 464 1581 603 1661; x_wconf 75' lang='lat' dir='ltr'>eunetis</span> <span class='ocrx_word' id='word_1_63' title='bbox 617 1583 749 1661; x_wconf 78' lang='lat' dir='ltr'>Christi</span> <span class='ocrx_word' id='word_1_64' title='bbox 776 1585 939 1663; x_wconf 86' lang='lat' dir='ltr'>fidelihus</span> <span class='ocrx_word' id='word_1_65' title='bbox 964 1587 1057 1688; x_wconf 88' lang='lat' dir='ltr'>qnod</span> <span class='ocrx_word' id='word_1_66' title='bbox 1076 1587 1286 1666; x_wconf 71' lang='lat' dir='ltr'>chunradus</span> 
     </span>
     <span class='ocr_line' id='line_1_12' title="bbox 158 1693 1285 1797; baseline 0.003 -28"><span class='ocrx_word' id='word_1_67' title='bbox 158 1694 370 1771; x_wconf 82' lang='lat' dir='ltr'>camararius</span> <span class='ocrx_word' id='word_1_68' title='bbox 388 1704 561 1771; x_wconf 85' lang='lat' dir='ltr'>annuente</span> <span class='ocrx_word' id='word_1_69' title='bbox 580 1693 690 1769; x_wconf 80' lang='lat' dir='ltr'>hatra</span> <span class='ocrx_word' id='word_1_70' title='bbox 710 1719 774 1770; x_wconf 90' lang='lat' dir='ltr'>suo</span> <span class='ocrx_word' id='word_1_71' title='bbox 799 1694 1003 1771; x_wconf 81' lang='lat' dir='ltr'>Eberhardo</span> <span class='ocrx_word' id='word_1_72' title='bbox 1029 1696 1211 1797; x_wconf 84' lang='lat' dir='ltr'>delegauit</span> <span class='ocrx_word' id='word_1_73' title='bbox 1229 1697 1285 1772; x_wconf 82' lang='grc' dir='ltr'>ιιι-</span> 
     </span>
     <span class='ocr_line' id='line_1_13' title="bbox 159 1797 1288 1904; baseline 0.001 -26"><span class='ocrx_word' id='word_1_74' title='bbox 159 1828 223 1904; x_wconf 86' lang='lat' dir='ltr'>per</span> <span class='ocrx_word' id='word_1_75' title='bbox 247 1828 343 1879; x_wconf 87' lang='lat' dir='ltr'>aram</span> <span class='ocrx_word' id='word_1_76' title='bbox 374 1802 506 1878; x_wconf 86' lang='lat' dir='ltr'>Sancta</span> <span class='ocrx_word' id='word_1_77' title='bbox 530 1801 642 1877; x_wconf 88' lang='lat' dir='ltr'>Marie</span> <span class='ocrx_word' id='word_1_78' title='bbox 667 1802 717 1877; x_wconf 92' lang='lat' dir='ltr'>ita</span> <span class='ocrx_word' id='word_1_79' title='bbox 743 1797 768 1876; x_wconf 79' lang='lat' dir='ltr'>&#39;fi</span> <span class='ocrx_word' id='word_1_80' title='bbox 792 1802 862 1878; x_wconf 88' lang='lat' dir='ltr'>hne</span> <span class='ocrx_word' id='word_1_81' title='bbox 900 1802 1088 1879; x_wconf 80' lang='lat' dir='ltr'><strong>heredibus</strong></span> <span class='ocrx_word' id='word_1_82' title='bbox 1121 1824 1288 1904; x_wconf 88' lang='lat' dir='ltr'>perman·</span> 
     </span>
     <span class='ocr_line' id='line_1_14' title="bbox 158 1908 1285 2013; baseline 0.004 -28"><span class='ocrx_word' id='word_1_83' title='bbox 158 1910 250 1986; x_wconf 79' lang='lat' dir='ltr'>ferit.</span> <span class='ocrx_word' id='word_1_84' title='bbox 280 1922 316 1987; x_wconf 88' lang='lat' dir='ltr'>et</span> <span class='ocrx_word' id='word_1_85' title='bbox 334 1919 581 2013; x_wconf 87' lang='lat' dir='ltr'>postmortem</span> <span class='ocrx_word' id='word_1_86' title='bbox 599 1908 728 1986; x_wconf 83' lang='grc' dir='ltr'>ιιιιοιίι</span> <span class='ocrx_word' id='word_1_87' title='bbox 741 1910 1016 2011; x_wconf 79' lang='lat' dir='ltr'>iueWillihirgif</span> <span class='ocrx_word' id='word_1_88' title='bbox 1024 1912 1166 1988; x_wconf 88' lang='lat' dir='ltr'>uineam</span> <span class='ocrx_word' id='word_1_89' title='bbox 1184 1910 1285 1990; x_wconf 78' lang='lat' dir='ltr'>unam</span> 
     </span>
    </p>

    <p class='ocr_par' dir='ltr' id='par_1_4' title="bbox 86 2012 1286 2120">
     <span class='ocr_line' id='line_1_15' title="bbox 86 2012 1286 2120; baseline 0.003 -25"><span class='ocrx_word' id='word_1_90' title='bbox 86 2012 88 2016; x_wconf 54' lang='grc'>’</span> <span class='ocrx_word' id='word_1_91' title='bbox 157 2018 331 2095; x_wconf 82' lang='lat' dir='ltr'>inmnnte</span> <span class='ocrx_word' id='word_1_92' title='bbox 350 2018 501 2095; x_wconf 76' lang='lat' dir='ltr'>eeclesia</span> <span class='ocrx_word' id='word_1_93' title='bbox 519 2018 628 2094; x_wconf 87' lang='lat' dir='ltr'>litam.</span> <span class='ocrx_word' id='word_1_94' title='bbox 661 2018 771 2092; x_wconf 87' lang='lat' dir='ltr'>Huius</span> <span class='ocrx_word' id='word_1_95' title='bbox 790 2019 842 2093; x_wconf 89' lang='lat' dir='ltr'>rei</span> <span class='ocrx_word' id='word_1_96' title='bbox 860 2019 967 2095; x_wconf 79' lang='lat' dir='ltr'>testes</span> <span class='ocrx_word' id='word_1_97' title='bbox 980 2029 1071 2095; x_wconf 86' lang='lat' dir='ltr'>sunt.</span> <span class='ocrx_word' id='word_1_98' title='bbox 1106 2021 1286 2120; x_wconf 81' lang='lat' dir='ltr'>Manegolt</span> 
     </span>
    </p>

    <p class='ocr_par' dir='ltr' id='par_1_5' title="bbox 32 2124 1285 2635">
     <span class='ocr_line' id='line_1_16' title="bbox 32 2124 1285 2225; baseline 0.004 -24"><span class='ocrx_word' id='word_1_99' title='bbox 32 2180 37 2189; x_wconf 84' lang='lat'>-</span> <span class='ocrx_word' id='word_1_100' title='bbox 131 2127 294 2225; x_wconf 75' lang='lat' dir='ltr'>dagir·</span> <span class='ocrx_word' id='word_1_101' title='bbox 331 2126 529 2203; x_wconf 85' lang='lat' dir='ltr'>Hartwieus</span> <span class='ocrx_word' id='word_1_102' title='bbox 556 2125 756 2201; x_wconf 81' lang='lat' dir='ltr'>Churnhalf</span> <span class='ocrx_word' id='word_1_103' title='bbox 778 2136 814 2203; x_wconf 90' lang='lat' dir='ltr'>et</span> <span class='ocrx_word' id='word_1_104' title='bbox 845 2124 935 2203; x_wconf 86' lang='lat' dir='ltr'>filins</span> <span class='ocrx_word' id='word_1_105' title='bbox 966 2126 1046 2203; x_wconf 81' lang='lat' dir='ltr'>suus</span> <span class='ocrx_word' id='word_1_106' title='bbox 1072 2128 1285 2207; x_wconf 82' lang='lat' dir='ltr'>Hartwieus.</span> 
     </span>
     <span class='ocr_line' id='line_1_17' title="bbox 158 2232 1285 2314; baseline 0.002 -3"><span class='ocrx_word' id='word_1_107' title='bbox 158 2232 367 2311; x_wconf 80' lang='lat' dir='ltr'>Weiskerns</span> <span class='ocrx_word' id='word_1_108' title='bbox 385 2260 505 2310; x_wconf 83' lang='lat' dir='ltr'>coena.</span> <span class='ocrx_word' id='word_1_109' title='bbox 539 2234 765 2310; x_wconf 78' lang='lat' dir='ltr'>Eberhardus</span> <span class='ocrx_word' id='word_1_110' title='bbox 790 2235 900 2311; x_wconf 81' lang='lat' dir='ltr'>frater</span> <span class='ocrx_word' id='word_1_111' title='bbox 919 2235 1075 2312; x_wconf 86' lang='lat' dir='ltr'>eiusdem</span> <span class='ocrx_word' id='word_1_112' title='bbox 1093 2236 1285 2314; x_wconf 75' lang='lat' dir='ltr'>chunradi.</span> 
     </span>
     <span class='ocr_line' id='line_1_18' title="bbox 160 2342 1285 2443; baseline 0.001 -25"><span class='ocrx_word' id='word_1_113' title='bbox 160 2344 347 2443; x_wconf 81' lang='lat' dir='ltr'>Gernngns</span> <span class='ocrx_word' id='word_1_114' title='bbox 365 2344 409 2418; x_wconf 91' lang='lat' dir='ltr'>de</span> <span class='ocrx_word' id='word_1_115' title='bbox 428 2342 642 2442; x_wconf 76' lang='lat' dir='ltr'>Hahhingin.</span> <span class='ocrx_word' id='word_1_116' title='bbox 669 2343 807 2420; x_wconf 83' lang='lat' dir='ltr'>Vlrieus</span> <span class='ocrx_word' id='word_1_117' title='bbox 825 2343 916 2418; x_wconf 87' lang='lat' dir='ltr'>filius</span> <span class='ocrx_word' id='word_1_118' title='bbox 935 2344 997 2418; x_wconf 87' lang='lat' dir='ltr'>filii</span> <span class='ocrx_word' id='word_1_119' title='bbox 1015 2345 1065 2420; x_wconf 80' lang='lat' dir='ltr'>rui</span> <span class='ocrx_word' id='word_1_120' title='bbox 1085 2346 1130 2421; x_wconf 90' lang='lat' dir='ltr'>de</span> <span class='ocrx_word' id='word_1_121' title='bbox 1148 2346 1285 2424; x_wconf 75' lang='lat' dir='ltr'>hakin-</span> 
     </span>
     <span class='ocr_line' id='line_1_19' title="bbox 159 2440 1286 2554; baseline 0.003 -28"><span class='ocrx_word' id='word_1_122' title='bbox 159 2451 233 2551; x_wconf 81' lang='lat' dir='ltr'>gin.</span> <span class='ocrx_word' id='word_1_123' title='bbox 261 2451 440 2554; x_wconf 81' lang='lat' dir='ltr'>Willihirg</span> <span class='ocrx_word' id='word_1_124' title='bbox 458 2461 495 2528; x_wconf 93' lang='lat' dir='ltr'>et</span> <span class='ocrx_word' id='word_1_125' title='bbox 502 2451 621 2527; x_wconf 81' lang='lat' dir='ltr'>Alhert</span> <span class='ocrx_word' id='word_1_126' title='bbox 638 2451 778 2528; x_wconf 79' lang='lat' dir='ltr'>sorores</span> <span class='ocrx_word' id='word_1_127' title='bbox 797 2452 953 2529; x_wconf 86' lang='lat' dir='ltr'>eiusdem</span> <span class='ocrx_word' id='word_1_128' title='bbox 962 2451 1153 2530; x_wconf 80' lang='lat' dir='ltr'>Chunradi.</span> <span class='ocrx_word' id='word_1_129' title='bbox 1173 2440 1286 2532; x_wconf 85' lang='lat' dir='ltr'>Mein·</span> 
     </span>
     <span class='ocr_line' id='line_1_20' title="bbox 186 2558 428 2635; baseline 0 0"><span class='ocrx_word' id='word_1_130' title='bbox 186 2585 230 2635; x_wconf 85' lang='lat' dir='ltr'>on</span> <span class='ocrx_word' id='word_1_131' title='bbox 243 2558 428 2635; x_wconf 81' lang='lat' dir='ltr'>Schiche.-</span> 
     </span>
    </p>

    <p class='ocr_par' dir='ltr' id='par_1_6' title="bbox 89 2585 1285 3633">
     <span class='ocr_line' id='line_1_21' title="bbox 89 2585 1285 2770; baseline 0.005 -27"><span class='ocrx_word' id='word_1_132' title='bbox 89 2585 185 2733; x_wconf 64' lang='lat' dir='ltr'>mg</span> <span class='ocrx_word' id='word_1_133' title='bbox 239 2668 370 2744; x_wconf 81' lang='lat' dir='ltr'>Notum</span> <span class='ocrx_word' id='word_1_134' title='bbox 388 2670 428 2744; x_wconf 87' lang='lat' dir='ltr'>ht</span> <span class='ocrx_word' id='word_1_135' title='bbox 447 2667 583 2746; x_wconf 80' lang='lat' dir='ltr'>eunetis</span> <span class='ocrx_word' id='word_1_136' title='bbox 597 2666 730 2743; x_wconf 78' lang='lat' dir='ltr'>Christi</span> <span class='ocrx_word' id='word_1_137' title='bbox 747 2666 907 2746; x_wconf 82' lang='lat' dir='ltr'>fidelihus</span> <span class='ocrx_word' id='word_1_138' title='bbox 926 2670 1021 2770; x_wconf 85' lang='lat' dir='ltr'>quod</span> <span class='ocrx_word' id='word_1_139' title='bbox 1039 2631 1285 2770; x_wconf 71' lang='lat' dir='ltr'>dominahgh·</span> 
     </span>
     <span class='ocr_line' id='line_1_22' title="bbox 158 2775 1285 2878; baseline 0.005 -27"><span class='ocrx_word' id='word_1_140' title='bbox 158 2775 219 2851; x_wconf 88' lang='lat' dir='ltr'>tha</span> <span class='ocrx_word' id='word_1_141' title='bbox 236 2776 377 2853; x_wconf 83' lang='lat' dir='ltr'>tradidit</span> <span class='ocrx_word' id='word_1_142' title='bbox 395 2777 440 2852; x_wconf 95' lang='lat' dir='ltr'>ad</span> <span class='ocrx_word' id='word_1_143' title='bbox 458 2802 553 2853; x_wconf 86' lang='lat' dir='ltr'>aram</span> <span class='ocrx_word' id='word_1_144' title='bbox 573 2777 704 2853; x_wconf 82' lang='lat' dir='ltr'>Sancte</span> <span class='ocrx_word' id='word_1_145' title='bbox 722 2776 833 2853; x_wconf 84' lang='lat' dir='ltr'>hlarie</span> <span class='ocrx_word' id='word_1_146' title='bbox 852 2779 1028 2878; x_wconf 85' lang='lat' dir='ltr'>mancipia</span> <span class='ocrx_word' id='word_1_147' title='bbox 1044 2778 1113 2854; x_wconf 91' lang='lat' dir='ltr'>tria</span> <span class='ocrx_word' id='word_1_148' title='bbox 1138 2778 1183 2854; x_wconf 83' lang='lat' dir='ltr'>ed</span> <span class='ocrx_word' id='word_1_149' title='bbox 1201 2794 1285 2856; x_wconf 88' lang='lat' dir='ltr'>een·</span> 
     </span>
     <span class='ocr_line' id='line_1_23' title="bbox 158 2883 1283 2966; baseline 0.004 -7"><span class='ocrx_word' id='word_1_150' title='bbox 158 2885 242 2961; x_wconf 84' lang='grc' dir='ltr'>[ιιιιι.</span> <span class='ocrx_word' id='word_1_151' title='bbox 262 2903 300 2966; x_wconf 87' lang='lat' dir='ltr'>v.</span> <span class='ocrx_word' id='word_1_152' title='bbox 320 2885 553 2961; x_wconf 90' lang='lat' dir='ltr'>denariorum.</span> <span class='ocrx_word' id='word_1_153' title='bbox 574 2883 776 2961; x_wconf 85' lang='lat' dir='ltr'>Rudolfum.</span> <span class='ocrx_word' id='word_1_154' title='bbox 804 2885 1097 2964; x_wconf 78' lang='lat' dir='ltr'>famulaminum.</span> <span class='ocrx_word' id='word_1_155' title='bbox 1119 2888 1283 2965; x_wconf 83' lang='lat' dir='ltr'>Ottonem</span> 
     </span>
     <span class='ocr_line' id='line_1_24' title="bbox 160 2992 1285 3095; baseline 0.004 -26"><span class='ocrx_word' id='word_1_156' title='bbox 160 3004 373 3095; x_wconf 74' lang='lat' dir='ltr'>quoquest</span> <span class='ocrx_word' id='word_1_157' title='bbox 391 2992 559 3069; x_wconf 90' lang='lat' dir='ltr'>Perhtam</span> <span class='ocrx_word' id='word_1_158' title='bbox 583 2993 739 3068; x_wconf 81' lang='lat' dir='ltr'>sororem</span> <span class='ocrx_word' id='word_1_159' title='bbox 764 2993 850 3069; x_wconf 85' lang='lat' dir='ltr'>eins.</span> <span class='ocrx_word' id='word_1_160' title='bbox 878 2995 990 3071; x_wconf 86' lang='lat' dir='ltr'>Huius</span> <span class='ocrx_word' id='word_1_161' title='bbox 1012 2996 1064 3070; x_wconf 91' lang='lat' dir='ltr'>rei</span> <span class='ocrx_word' id='word_1_162' title='bbox 1084 2994 1193 3072; x_wconf 78' lang='lat' dir='ltr'>tedes</span> <span class='ocrx_word' id='word_1_163' title='bbox 1203 3006 1285 3073; x_wconf 87' lang='lat' dir='ltr'>sunt</span> 
     </span>
     <span class='ocr_line' id='line_1_25' title="bbox 161 3100 1283 3187; baseline 0.001 -9"><span class='ocrx_word' id='word_1_164' title='bbox 161 3102 383 3179; x_wconf 75' lang='lat' dir='ltr'>Germundnl&#39;</span> <span class='ocrx_word' id='word_1_165' title='bbox 395 3101 501 3180; x_wconf 79' lang='lat' dir='ltr'>milei.</span> <span class='ocrx_word' id='word_1_166' title='bbox 536 3100 745 3177; x_wconf 80' lang='lat' dir='ltr'>Chunradus</span> <span class='ocrx_word' id='word_1_167' title='bbox 763 3100 866 3177; x_wconf 82' lang='lat' dir='ltr'>miles</span> <span class='ocrx_word' id='word_1_168' title='bbox 878 3103 965 3179; x_wconf 86' lang='lat' dir='ltr'>eius.</span> <span class='ocrx_word' id='word_1_169' title='bbox 1000 3103 1158 3181; x_wconf 83' lang='lat' dir='ltr'>Starfrit.</span> <span class='ocrx_word' id='word_1_170' title='bbox 1175 3182 1179 3187; x_wconf 76' lang='grc'>,</span> <span class='ocrx_word' id='word_1_171' title='bbox 1195 3104 1283 3181; x_wconf 85' lang='lat' dir='ltr'>Har·</span> 
     </span>
     <span class='ocr_line' id='line_1_26' title="bbox 159 3208 1284 3290; baseline 0.005 -5"><span class='ocrx_word' id='word_1_172' title='bbox 159 3236 239 3285; x_wconf 91' lang='lat' dir='ltr'>man</span> <span class='ocrx_word' id='word_1_173' title='bbox 259 3211 310 3288; x_wconf 90' lang='lat' dir='ltr'>de</span> <span class='ocrx_word' id='word_1_174' title='bbox 330 3213 496 3286; x_wconf 85' lang='lat' dir='ltr'>Sancto</span> <span class='ocrx_word' id='word_1_175' title='bbox 514 3209 724 3285; x_wconf 83' lang='lat' dir='ltr'>Martiae.</span> <span class='ocrx_word' id='word_1_176' title='bbox 758 3212 954 3288; x_wconf 86' lang='lat' dir='ltr'>Hartwieus</span> <span class='ocrx_word' id='word_1_177' title='bbox 969 3210 1177 3288; x_wconf 80' lang='lat' dir='ltr'>Churnhals.</span> <span class='ocrx_word' id='word_1_178' title='bbox 1209 3208 1284 3290; x_wconf 81' lang='lat' dir='ltr'>Rh-</span> 
     </span>
     <span class='ocr_line' id='line_1_27' title="bbox 160 3318 1282 3418; baseline 0.004 -25"><span class='ocrx_word' id='word_1_179' title='bbox 160 3318 310 3417; x_wconf 80' lang='lat' dir='ltr'>degerus</span> <span class='ocrx_word' id='word_1_180' title='bbox 339 3321 382 3395; x_wconf 89' lang='lat' dir='ltr'>de</span> <span class='ocrx_word' id='word_1_181' title='bbox 405 3318 647 3418; x_wconf 81' lang='lat' dir='ltr'>Heeilsperge.</span> <span class='ocrx_word' id='word_1_182' title='bbox 679 3318 867 3395; x_wconf 84' lang='lat' dir='ltr'>Ludwicus</span> <span class='ocrx_word' id='word_1_183' title='bbox 891 3321 946 3396; x_wconf 90' lang='lat' dir='ltr'>De</span> <span class='ocrx_word' id='word_1_184' title='bbox 964 3320 1142 3397; x_wconf 86' lang='lat' dir='ltr'>Rorhaeh.</span> <span class='ocrx_word' id='word_1_185' title='bbox 1174 3321 1282 3397; x_wconf 85' lang='lat' dir='ltr'>Hart-</span> 
     </span>
     <span class='ocr_line' id='line_1_28' title="bbox 161 3425 1282 3553; baseline 0.006 -53"><span class='ocrx_word' id='word_1_186' title='bbox 161 3425 428 3525; x_wconf 83' lang='lat' dir='ltr'>sriduspellifex.</span> <span class='ocrx_word' id='word_1_187' title='bbox 443 3427 623 3504; x_wconf 87' lang='lat' dir='ltr'>Ruhertus</span> <span class='ocrx_word' id='word_1_188' title='bbox 637 3451 757 3503; x_wconf 81' lang='lat' dir='ltr'>cocus.</span> <span class='ocrx_word' id='word_1_189' title='bbox 775 3427 989 3505; x_wconf 83' lang='lat' dir='ltr'>Helmwreus</span> <span class='ocrx_word' id='word_1_190' title='bbox 1001 3430 1108 3505; x_wconf 78' lang='lat' dir='ltr'>mdes</span> <span class='ocrx_word' id='word_1_191' title='bbox 1126 3428 1282 3553; x_wconf 67' lang='lat' dir='ltr'>Hermen</span> 
     </span>
     <span class='ocr_line' id='line_1_29' title="bbox 160 3532 587 3633; baseline 0.007 -24"><span class='ocrx_word' id='word_1_192' title='bbox 160 3532 317 3611; x_wconf 83' lang='lat' dir='ltr'>Croahil.</span> <span class='ocrx_word' id='word_1_193' title='bbox 347 3536 587 3633; x_wconf 78' lang='lat' dir='ltr'>Eng‘dhertus.</span> 
     </span>
    </p>

    <p class='ocr_par' dir='ltr' id='par_1_7' title="bbox 89 3643 1287 4398">
     <span class='ocr_line' id='line_1_30' title="bbox 89 3643 1283 3746; baseline 0.011 -36"><span class='ocrx_word' id='word_1_194' title='bbox 89 3654 142 3710; x_wconf 74' lang='lat' dir='ltr'>ros</span> <span class='ocrx_word' id='word_1_195' title='bbox 240 3643 373 3719; x_wconf 89' lang='lat' dir='ltr'>Notum</span> <span class='ocrx_word' id='word_1_196' title='bbox 390 3644 431 3719; x_wconf 87' lang='lat' dir='ltr'>ht</span> <span class='ocrx_word' id='word_1_197' title='bbox 448 3655 520 3721; x_wconf 85' lang='lat' dir='ltr'>tam</span> <span class='ocrx_word' id='word_1_198' title='bbox 538 3644 753 3744; x_wconf 79' lang='lat' dir='ltr'>presentibus</span> <span class='ocrx_word' id='word_1_199' title='bbox 772 3671 877 3745; x_wconf 86' lang='lat' dir='ltr'>quam</span> <span class='ocrx_word' id='word_1_200' title='bbox 893 3645 1030 3722; x_wconf 89' lang='lat' dir='ltr'>suturis</span> <span class='ocrx_word' id='word_1_201' title='bbox 1059 3646 1169 3746; x_wconf 91' lang='lat' dir='ltr'>quod</span> <span class='ocrx_word' id='word_1_202' title='bbox 1166 3646 1283 3724; x_wconf 79' lang='grc' dir='ltr'>-Ηιιιι-</span> 
     </span>
     <span class='ocr_line' id='line_1_31' title="bbox 156 3750 1283 3859; baseline 0.005 -33"><span class='ocrx_word' id='word_1_203' title='bbox 156 3752 253 3826; x_wconf 89' lang='lat' dir='ltr'>ricus</span> <span class='ocrx_word' id='word_1_204' title='bbox 271 3750 357 3825; x_wconf 88' lang='lat' dir='ltr'>Wat</span> <span class='ocrx_word' id='word_1_205' title='bbox 380 3751 529 3829; x_wconf 83' lang='lat' dir='ltr'>famulus</span> <span class='ocrx_word' id='word_1_206' title='bbox 558 3753 699 3829; x_wconf 83' lang='lat' dir='ltr'>claust</span> <span class='ocrx_word' id='word_1_207' title='bbox 656 3763 701 3827; x_wconf 90' lang='lat' dir='ltr'>tn</span> <span class='ocrx_word' id='word_1_208' title='bbox 720 3779 801 3829; x_wconf 83' lang='lat' dir='ltr'>curn</span> <span class='ocrx_word' id='word_1_209' title='bbox 818 3755 854 3830; x_wconf 81' lang='lat' dir='ltr'>fe</span> <span class='ocrx_word' id='word_1_210' title='bbox 872 3754 1112 3854; x_wconf 82' lang='lat' dir='ltr'>prosectarum</span> <span class='ocrx_word' id='word_1_211' title='bbox 1130 3780 1211 3831; x_wconf 85' lang='lat' dir='ltr'>esse</span> <span class='ocrx_word' id='word_1_212' title='bbox 1231 3757 1283 3859; x_wconf 79' lang='lat' dir='ltr'>ad</span> 
     </span>
     <span class='ocr_line' id='line_1_32' title="bbox 158 3861 1282 3964; baseline 0.005 -30"><span class='ocrx_word' id='word_1_213' title='bbox 158 3862 376 3935; x_wconf 84' lang='lat' dir='ltr'>Sanctum</span> <span class='ocrx_word' id='word_1_214' title='bbox 395 3861 426 3933; x_wconf 85' lang='lat' dir='ltr'>E</span> <span class='ocrx_word' id='word_1_215' title='bbox 434 3863 603 3961; x_wconf 82' lang='lat' dir='ltr'>gidium</span> <span class='ocrx_word' id='word_1_216' title='bbox 624 3862 844 3939; x_wconf 83' lang='lat' dir='ltr'>decreuiffet.</span> <span class='ocrx_word' id='word_1_217' title='bbox 873 3865 1077 3964; x_wconf 77' lang='lat' dir='ltr'>prepeditus</span> <span class='ocrx_word' id='word_1_218' title='bbox 1105 3865 1149 3938; x_wconf 92' lang='lat' dir='ltr'>ah</span> <span class='ocrx_word' id='word_1_219' title='bbox 1166 3863 1282 3940; x_wconf 86' lang='lat' dir='ltr'>inimi-</span> 
     </span>
     <span class='ocr_line' id='line_1_33' title="bbox 158 3968 1281 4070; baseline 0.005 -26"><span class='ocrx_word' id='word_1_220' title='bbox 158 3969 211 4044; x_wconf 81' lang='lat' dir='ltr'>cis</span> <span class='ocrx_word' id='word_1_221' title='bbox 223 3968 292 4043; x_wconf 82' lang='lat' dir='ltr'>fuis</span> <span class='ocrx_word' id='word_1_222' title='bbox 306 3968 364 4068; x_wconf 90' lang='lat' dir='ltr'>qni</span> <span class='ocrx_word' id='word_1_223' title='bbox 384 3994 463 4043; x_wconf 90' lang='lat' dir='ltr'>eum</span> <span class='ocrx_word' id='word_1_224' title='bbox 482 3971 638 4070; x_wconf 84' lang='lat' dir='ltr'>grauiter</span> <span class='ocrx_word' id='word_1_225' title='bbox 656 3969 909 4046; x_wconf 81' lang='lat' dir='ltr'>saneiauerant.</span> <span class='ocrx_word' id='word_1_226' title='bbox 932 3973 1072 4047; x_wconf 85' lang='lat' dir='ltr'>confilio</span> <span class='ocrx_word' id='word_1_227' title='bbox 1088 3971 1281 4050; x_wconf 81' lang='lat' dir='ltr'>amicorum</span> 
     </span>
     <span class='ocr_line' id='line_1_34' title="bbox 157 4076 1281 4179; baseline 0.005 -29"><span class='ocrx_word' id='word_1_228' title='bbox 157 4076 295 4153; x_wconf 79' lang='lat' dir='ltr'>suorum</span> <span class='ocrx_word' id='word_1_229' title='bbox 315 4101 379 4176; x_wconf 84' lang='lat' dir='ltr'>pro</span> <span class='ocrx_word' id='word_1_230' title='bbox 399 4078 521 4152; x_wconf 89' lang='lat' dir='ltr'>eadem</span> <span class='ocrx_word' id='word_1_231' title='bbox 540 4078 758 4178; x_wconf 81' lang='lat' dir='ltr'>profectione</span> <span class='ocrx_word' id='word_1_232' title='bbox 777 4080 954 4179; x_wconf 82' lang='lat' dir='ltr'>delegauit</span> <span class='ocrx_word' id='word_1_233' title='bbox 973 4083 1016 4157; x_wconf 88' lang='lat' dir='ltr'>ad</span> <span class='ocrx_word' id='word_1_234' title='bbox 1036 4106 1132 4155; x_wconf 91' lang='lat' dir='ltr'>aram</span> <span class='ocrx_word' id='word_1_235' title='bbox 1158 4079 1281 4159; x_wconf 82' lang='lat' dir='ltr'>Sancti</span> 
     </span>
     <span class='ocr_line' id='line_1_35' title="bbox 157 4185 1280 4284; baseline 0.009 -27"><span class='ocrx_word' id='word_1_236' title='bbox 157 4185 275 4284; x_wconf 82' lang='lat' dir='ltr'>Egidii</span> <span class='ocrx_word' id='word_1_237' title='bbox 303 4185 439 4263; x_wconf 85' lang='lat' dir='ltr'>vineam</span> <span class='ocrx_word' id='word_1_238' title='bbox 464 4211 569 4261; x_wconf 86' lang='lat' dir='ltr'>unam</span> <span class='ocrx_word' id='word_1_239' title='bbox 594 4198 630 4264; x_wconf 91' lang='lat' dir='ltr'>et</span> <span class='ocrx_word' id='word_1_240' title='bbox 659 4187 786 4264; x_wconf 81' lang='lat' dir='ltr'>curtim</span> <span class='ocrx_word' id='word_1_241' title='bbox 811 4188 956 4265; x_wconf 89' lang='lat' dir='ltr'>Widnik</span> <span class='ocrx_word' id='word_1_242' title='bbox 983 4201 1020 4265; x_wconf 91' lang='lat' dir='ltr'>ut</span> <span class='ocrx_word' id='word_1_243' title='bbox 1048 4191 1091 4265; x_wconf 91' lang='lat' dir='ltr'>de</span> <span class='ocrx_word' id='word_1_244' title='bbox 1109 4190 1280 4267; x_wconf 85' lang='lat' dir='ltr'>reditibus</span> 
     </span>
     <span class='ocr_line' id='line_1_36' title="bbox 159 4291 1287 4398; baseline 0.011 -35"><span class='ocrx_word' id='word_1_245' title='bbox 159 4291 245 4390; x_wconf 82' lang='lat' dir='ltr'>ipsis</span> <span class='ocrx_word' id='word_1_246' title='bbox 267 4295 359 4370; x_wconf 82' lang='lat' dir='ltr'>idern</span> <span class='ocrx_word' id='word_1_247' title='bbox 391 4297 501 4371; x_wconf 83' lang='lat' dir='ltr'>altare</span> <span class='ocrx_word' id='word_1_248' title='bbox 527 4307 697 4398; x_wconf 89' lang='lat' dir='ltr'>perpetuo</span> <span class='ocrx_word' id='word_1_249' title='bbox 726 4297 946 4374; x_wconf 87' lang='lat' dir='ltr'>illuminetur.</span> <span class='ocrx_word' id='word_1_250' title='bbox 979 4299 1090 4376; x_wconf 86' lang='lat' dir='ltr'>Huius</span> <span class='ocrx_word' id='word_1_251' title='bbox 1109 4298 1161 4374; x_wconf 86' lang='lat' dir='ltr'>rei</span> <span class='ocrx_word' id='word_1_252' title='bbox 1179 4298 1287 4377; x_wconf 77' lang='lat' dir='ltr'>tedes</span> 
     </span>
    </p>
   </div>
   <div class='ocr_carea' id='block_1_3' title="bbox 0 0 1508 5070">
    <p class='ocr_par' dir='ltr' id='par_1_8' title="bbox 0 0 1508 5070">
     <span class='ocr_line' id='line_1_37' title="bbox 0 0 1508 5070; baseline 0 1"><span class='ocrx_word' id='word_1_253' title='bbox 0 0 1508 5070; x_wconf 95' lang='lat' dir='ltr'> </span> 
     </span>
    </p>
   </div>
  </div>
 </body>
</html>
