3008 5070
179 480 254 562 102
521 480 615 550 001).
637 475 927 547 ammodum

97 659 149 714 tce
254 644 353 721 ltem.
381 644 497 722 Wimt
521 645 666 721 tradidit
682 645 902 720 Wecilonem
927 644 973 719 ad
990 644 1106 721 altare-
1120 640 1162 718 S.
1182 635 1288 720 Maria

163 755 221 828 cb
239 752 390 829 academ.
417 769 454 832 v.
480 754 714 832 denariorum.
750 752 850 841 Quod
878 753 1042 829 testantur
1071 754 1229 830 Hermen
1247 754 1288 828 de

172 859 405 937 Hundesaem
431 871 468 936 et
485 861 594 938 frater
611 863 699 936 eius.

76 981 130 1036 tt?
252 969 345 1044 ldem
368 970 509 1048 tradidit
524 969 677 1069 lrmgart
695 979 775 1070 past
797 968 928 1043 obitum
949 966 1071 1044 fratril
1091 967 1154 1042 l'ui.
1185 967 1290 1043 lilium

173 1078 248 1152 eius
271 1073 472 1153 Heinricum
498 1089 533 1153 et
558 1075 646 1153 duol'
666 1075 793 1153 lratrel
812 1076 888 1151 eiul'
909 1078 944 1151 in
970 1075 1139 1174 presenti3
1169 1077 1291 1152 Testae

172 1185 250 1261 lunt
289 1184 571 1262 Perhtoldue
606 1186 757 1260 'luiue
798 1184 1002 1279 (diabolas)
1047 1184 1290 1260 adelwardus.

173 1292 381 1368 Gerlrardul‘.
408 1292 608 1370 Heinricua.
639 1293 748 1367 Peter
778 1291 881 1367 amici
905 1292 1120 1371 cementarii.
1149 1292 1289 1368 Gebott

15 1467 17 1471 Α
93 1405 146 1485 468
252 1401 354 1478 ltem·
387 1401 497 1477 (ierat
523 1411 559 1476 et
576 1425 664 1474 uxor
683 1400 758 1474 eius
776 1401 883 1475 lmiaa
902 1412 938 1475 et
955 1399 1047 1474 filius
1064 1421 1186 1474 comm
1203 1398 1290 1474 Eli-

171 1616 269 1691 dtam
294 1629 374 1718 pest
402 1619 533 1693 obitum
551 1616 699 1693 luorum.
740 1617 842 1706 Quod
860 1616 1039 1691 testantur.
1075 1615 1289 1692 Perhtolt

126 1826 128 1835 Α
171 1724 392 1802 diabolus.
418 1721 587 1802 Germimt
605 1725 650 1800 de
672 1724 781 1801 Puch.
802 1725 949 1801 Ortwirr.
967 1723 1289 1824 Heinricueltlega·

171 1832 312 1909 hardas.

93 1942 146 2000 *⁶⁹
212 1974 216 1983 ·
236 1941 351 2016 item.
370 1941 467 2017 Wilo
483 1950 520 2016 et
532 1964 619 2019 uxor
632 1938 1101 2039 eiusBenignatradiderunt
1112 1939 1157 2013 ad
1172 1936 1289 2037 supra·

172 2047 303 2125 dictum
323 2049 433 2125 altare
451 2049 610 2124 ancillam
628 2049 767 2124 nomine
795 2047 1036 2146 Meginpurch.
1058 2046 1183 2123 'Pellae
1201 2046 1288 2122 tunt

171 2156 377 2233 Malbrelrt.
405 2156 564 2232 Goaain.
591 2158 742 2258 Leupolt
761 2156 906 2232 Gotlrit.

93 2265 148 2324 ιιι
253 2262 343 2340 ltem
363 2264 538 2341 Adalliero
557 2267 601 2341 de
620 2265 837 2339 Purstindors
849 2263 1040 2362 delegauit,
1067 2288 1132 2362 par
1151 2285 1289 2337 manum

67 2381 156 2469 2,,ῐῇ
171 2371 298 2447 Riwini
316 2374 462 2448 cenobio
482 2373 642 2449 dearie
660 2385 695 2449 et
711 2374 877 2447 fratribus
895 2373 965 2448 illic
980 2369 1289 2472 manentibuspre-

57 2471 267 2555 ‘'⁸⁸¹⁰‘''dium
285 2481 462 2558 iraeadem
481 2482 563 2559 uilla
581 2482 691 2557 litum.
723 2481 855 2556 scilicet
872 2479 958 2555 daal
971 2478 1091 2554 uineas
1105 2503 1186 2554 cum
1204 2477 1289 2555 reli·

69 2681 71 2684 Ι
173 2609 241 2684 quo
261 2590 380 2686 predio
398 2587 457 2666 luc
476 2600 515 2666 ct
531 2590 657 2666 curtim
675 2614 778 2671 unam
796 2600 834 2664 et
851 2604 919 2668 ΧΗ.
935 2586 1109 2687 mancipia
1126 2586 1288 2661 Garriclr·

97 2763 98 2767 ,
173 2695 360 2774 Wichnant
385 2698 476 2773 filius
496 2698 584 2773 eius
623 2697 820 2772 Wilmanue
846 2708 882 2771 et
900 2697 971 2772 lilia
988 2696 1062 2771 eiua
1080 2693 1195 2771 aeda
1211 2695 1289 2770 Me·

172 2802 323 2902 ginlrart
349 2805 515 2881 Well'ker
534 2805 660 2881 Siboto
679 2815 717 2881 et
733 2816 846 2880 mater
864 2803 938 2880 eius
951 2804 1080 2879 Hiaila.
1105 2801 1291 2877 llatlriltet

172 2911 326 2987 Wentila
342 2913 462 2988 lilia
432 2935 506 2991 ems
525 2914 758 3014 etltlanegolt.
779 2912 889 2989 Huius
906 2937 960 2989 rer
948 2912 1075 3026 telles
1086 2911 1165 2986 lunt
1173 2910 1288 2986 llber-

172 3019 284 3097 herul
309 3017 484 3098 Wolllrer
517 3020 710 3097 llriderich

93 3135 143 3190 ⁴⁷¹
250 3129 338 3205 ltcm
370 3129 570 3207 Gerdrut
596 3131 647 3204 de
676 3127 936 3205 Potendorf
956 3151 1043 3203 uxor
1061 3122 1215 3202 Budelli
1253 3134 1288 3200 et

171 3235 243 3312 lilia
274 3238 349 3313 eiua
375 3236 573 3314 Adalhet
602 3237 821 3313 tradiderint
850 3238 895 3313 ad
918 3234 1152 3359 supradictum
1178 3233 1287 3310 altare

170 3345 327 3444 predium
346 3343 617 3423 Waaicliind
630 3345 703 3421 orl
715 3347 813 3420 litum
830 3371 895 3446 pro
913 3344 1068 3420 remedio
1088 3341 1205 3437 enimc
1218 3340 1288 3418 ciri

169 3452 220 3527 lui
242 3452 448 3554 supradicti3
474 3453 585 3529 Huius
610 3454 662 3529 rei
686 3452 790 3529 telles
809 3463 902 3528 eunt.
935 3453 1095 3529 Perhtelt
1124 3450 1287 3526 Anlllalm

170 3560 351 3668 Megnlmrt
375 3563 542 3639 Heribcrt
566 3561 719 3637 Adlli'erc
747 3558 904 3638 Chtmat
926 3557 1057 3637 llidclf
1069 3558 1291 3659 Regiapreltt

168 3667 299 3742 lrmfrit
317 3645 484 3746 (ldalrich
502 3670 588 3747 cao
607 3670 813 3770 Adelpcrht.

89 3796 143 3851 tre
246 3775 458 3854 Adalbertua
483 3778 649 3855 diaconul
661 3778 925 3854 llierolclimam
953 3774 1108 3876 pergens
1121 3773 1287 3852 conceffit

168 3884 353 3985 Regncldo
373 3887 416 3960 de
433 3887 647 3986 Heimpureh
668 3911 830 3986 magnam
847 3887 984 3961 uincam
1003 3905 1106 3982 quam
1124 3881 1288 3984 primitus

167 3995 357 4069 tradiderat
381 3993 425 4068 ad
450 3995 626 4095 hospitale.
662 4018 808 4092 cumque
833 3994 993 4069 reuersus
1010 3991 1149 4067 auferre
1167 3990 1285 4067 uellet.

168 4103 323 4178 marchio
344 4103 545 4202 Leupoldus
562 4104 705 4179 iniunxit
724 4102 863 4178 dominc
883 4101 1052 4201 preposito
1066 4098 1286 4175 llartmaane

52 4222 203 4291 enarrat
231 4212 460 4288 amicabiliter
484 4213 699 4289 etfraterne
726 4212 807 4288 inde
833 4211 1042 4310 disponeret.
1079 4208 1286 4307 Regaoldus

165 4317 282 4414 itaque
309 4345 387 4395 eum
406 4320 594 4396 affirmaret
614 4322 674 4394 tihi
694 4319 761 4396 elle
780 4320 942 4395 traditam
961 4343 1004 4395 ca
1022 4318 1228 4395 condicione
1246 4323 1287 4389 at

165 4426 254 4502 hene
280 4439 416 4505 auctam
443 4441 478 4507 et
503 4432 693 4526 plantatam
718 4430 857 4504 tandem
876 4429 1040 4504 redderet
1059 4428 1102 4500 ad
1119 4425 1286 4525 hospitale
