3008 5070
325 471 402 549 100
465 517 466 521 ,
667 465 759 533 CCI).
787 395 1081 532 rethmohutr

208 650 262 703 rra
402 629 575 707 Nouerint
591 629 738 710 uniuerfi
752 632 844 729 quod
854 631 1002 728 quedam
1012 626 1438 723 htheidieehtuiitSaaetr

322 741 435 817 Maria
452 738 686 834 Niwenhureh
712 740 758 818 ad
784 738 1260 819 consummaturam
1285 739 1439 814 ancillam

323 850 419 925 tuam
436 847 610 924 Haiieam.
630 846 741 922 Cuius
757 848 810 922 rei
823 846 927 922 testes
944 848 1020 924 tunt
1032 848 1238 946 Livpohiua.
1252 846 1440 923 Rinwiaaa.

246 987 251 998 ¹
323 958 522 1057 liudgerus.
540 957 785 1056 Eugelhertua.
803 956 960 1032 Witinta.

210 1080 264 1138 rrt
402 1064 534 1141 Notum
551 1065 591 1140 fir
608 1063 769 1139 omnihus
788 1065 881 1163 quod
898 1063 1040 1142 domina
1051 1063 1210 1140 Atheidis
1227 1064 1273 1138 tie
1292 1063 1441 1162 Griph-

325 1175 434 1250 hein
453 1173 576 1252 ohtuiit
592 1173 729 1248 seruum
746 1173 840 1246 tuum
849 1173 1053 1270 liudgerum
1071 1173 1117 1247 ad
1129 1172 1270 1247 eentum
1287 1187 1365 1254 vv.
1384 1172 1440 1246 de·

323 1282 515 1359 rariorum.
534 1281 644 1357 Cuius
661 1280 714 1355 rei
722 1278 827 1355 tenet
830 1280 1091 1375 suntSiurirhrs,
1110 1279 1311 1380 liudgerus.
1325 1277 1443 1355 Chan-

325 1392 444 1466 radus.
464 1389 715 1490 Engethertus.
735 1389 957 1464 Perhtotdus.
975 1390 1133 1464 Wifinto.

209 1518 263 1571 ree
403 1496 535 1574 Notum
552 1499 593 1574 tit
613 1497 745 1573 Christi
762 1495 920 1571 fidehhus
938 1498 1029 1596 quod
1046 1496 1233 1573 liainrieue
1251 1498 1296 1571 de
1314 1495 1444 1572 werr-

324 1607 432 1708 perch
464 1607 642 1707 (ielegauit
673 1605 717 1680 att
748 1603 858 1680 altare
891 1605 1025 1682 Sancte
1055 1606 1166 1682 Maria
1197 1603 1442 1680 Niwenhureh.

324 1717 560 1791 Hermannum
579 1716 623 1791 att
641 1713 792 1791 eentum.
805 1730 843 1792 v.
858 1738 1089 1790 nummorum.
1108 1711 1213 1803 Quot
1225 1712 1294 1790 hee
1307 1715 1444 1791 nemim

325 1824 552 1900 testificantur
573 1822 780 1901 Chunradus
799 1820 911 1896 Rhotf
931 1823 1088 1899 Hermen
1109 1821 1284 1898 Perahart
1310 1821 1441 1924 hugol-

324 1956 391 2030 ger
415 1933 580 2007 Enindoit
605 1932 803 2005 Hainrieus.
832 1929 988 2033 Herliep.

210 2060 300 2115 ml)
405 2040 577 2117 Nouerint
600 2038 735 2114 Christi
762 2038 896 2113 fideles.
923 2039 1016 2138 quod
1035 2037 1205 2138 sigehart
1231 2063 1312 2115 eum
1340 2063 1443 2114 uxore

212 2183 275 2222 sm..
324 2146 384 2226 tua
407 2148 567 2248 predium
596 2147 688 2245 quod
712 2147 748 2220 in
768 2145 876 2221 Staein
893 2149 1090 2223 hahuerunt
1107 2146 1241 2222 scilicet
1258 2157 1395 2223 curtam
1412 2156 1446 2220 et

325 2259 461 2332 uineam
487 2257 523 2331 in
549 2255 705 2332 remedio
732 2255 925 2330 animarum
942 2257 1081 2331 tuarum
1101 2253 1267 2329 fratribus
1284 2256 1323 2330 in
1340 2254 1446 2329 Nim-

323 2366 436 2441 hureh
455 2366 717 2465 delegauerant.
738 2364 852 2438 Huius
869 2364 923 2439 rei
940 2363 1046 2439 tetes
1065 2374 1148 2438 sunt
1164 2363 1346 2462 Marquart
1364 2363 1446 2438 iwe-

324 2491 401 2549 uue.
431 2474 578 2550 Alhreht
602 2472 770 2576 pathalia.
804 2472 938 2549 Hunoit
963 2473 1169 2548 decimator.
1201 2473 1382 2571 Marquart
1405 2471 1447 2545 de

325 2583 578 2683 Meia.·Hugo
594 2578 837 2658 cementarius.
857 2579 1225 2657 Hainricusinmante.
1244 2579 1447 2681 Engeltmt·

327 2716 400 2767 eus.
420 2691 614 2766 Adelmam.
636 2689 793 2764 Witinto.
814 2688 984 2764 Chunrat.
1005 2682 1131 2765 Stamf.
1151 2689 1343 2766 thealeus.

208 2814 299 2872 mn
325 2838 329 2844 ·
408 2798 538 2875 Notum
561 2799 609 2874 sit
626 2797 759 2873 Christi
785 2797 945 2874 fidelihus
969 2797 1063 2896 quod
1080 2798 1211 2873 Pertha
1234 2795 1272 2869 in
1291 2797 1448 2873 remedia

327 2910 440 2983 anime
471 2908 530 2981 sue
563 2907 650 2980 duat
670 2907 794 2981 domus
820 2932 926 2980 unam
942 2907 1163 2982 balneaream
1188 2916 1224 2980 et
1241 2905 1388 2982 alteram
1413 2906 1449 2980 ia

325 3043 395 3117 qua
411 3015 590 3090 habitabat
615 3024 736 3088 sancte
761 3013 874 3090 Maria
890 3012 1104 3090 Niwnhureh
1122 3013 1312 3114 delegauit
1338 3012 1448 3089 ii'uiua

324 3126 377 3201 rei
395 3123 498 3200 testes
516 3135 596 3200 eunt
614 3121 766 3196 sifridus
785 3122 972 3199 Cremmtis
1000 3126 1036 3198 et
1054 3121 1145 3199 titius
1163 3123 1240 3197 eius
1249 3122 1447 3200 Hunoidua.

226 3331 227 3334 Ἴ
323 3232 487 3334 Rhgerus
528 3231 714 3307 Suhenhar
750 3231 943 3333 Liupohius
979 3229 1138 3327 Nagtarn
1170 3228 1308 3308 Reiwin
1341 3232 1449 3308 flm-

323 3342 433 3417 wieus
472 3340 677 3417 Churahats.
701 3338 893 3439 Livpotdus
929 3340 1116 3416 Lvdwieus
1148 3339 1299 3416 Sweuus
1340 3340 1445 3442 Hugh

325 3450 483 3525 Witinto.
503 3449 714 3525 Uvotirerus.
734 3448 1019 3524 PerhtoitShult.
1282 3501 1285 3507 -

210 3577 299 3629 raah
405 3557 578 3633 Nouerint
602 3556 725 3631 fideles
747 3555 876 3632 Christi
903 3558 995 3656 quod
1021 3554 1215 3632 'l'uitwinue
1233 3555 1285 3632 de
1302 3553 1448 3631 Pirhhm

327 3665 507 3763 delegauit
538 3666 584 3740 ad
612 3667 722 3740 attare
748 3665 788 3739 S.
813 3665 924 3740 Marie
950 3664 1153 3740 Nrrnhureh
1180 3665 1252 3741 dua
1279 3663 1452 3741 henoteta

210 3790 307 3828 ww·
324 3774 506 3850 Wilrates.
526 3773 628 3863 Quod
646 3773 713 3848 hee
731 3772 870 3848 nomina
888 3773 1123 3849 testificantur.
1144 3771 1284 3848 Vtrieus
1303 3771 1450 3848 rotter-

324 3884 517 3960 nehrunne.
549 3883 778 3980 Marquardus
801 3883 846 3957 de
871 3882 1027 3959 Ueiwen.
1059 3879 1246 3959 Hainrieua
1273 3883 1317 3956 de
1336 3881 1451 3956 Ehar·

325 3990 491 4092 goainge.
528 3989 684 4066 Crtolfus
712 3991 755 4065 de
790 3990 1020 4066 Ruhersdorf.
1061 3990 1257 4090 Diepohlus
1297 3989 1449 4065 sifridus

328 4099 455 4176 Woeit'e
488 4099 663 4175 Perhtolt.
702 4098 806 4174 t'lruit.
840 4096 1072 4200 Rhgerus'de
1090 4097 1266 4174 Muthach.
1298 4096 1447 4175 Reiwin.

324 4209 518 4308 Livpoldus
536 4209 580 4283 de
598 4205 789 4307 Nagiaren.

211 4337 265 4388 ree
406 4318 537 4394 Notum
556 4318 595 4391 fit
613 4316 750 4393 eunetis
762 4314 895 4391 Christi
913 4316 1074 4393 fidetihus
1092 4318 1184 4416 quod
1201 4315 1389 4391 Lvdwieue
1406 4315 1447 4392 (ia

331 4427 651 4528 Sigretingen
694 4424 875 4524 delegauit
911 4452 1054 4503 uxorem
1091 4426 1196 4503 uiitiei
1234 4426 1277 4502 de
1316 4424 1447 4503 Smida.
