3008 5070
218 475 293 552 114
571 472 665 538 con.
689 473 978 539 salomonum

216 638 312 712 rious
330 648 365 712 et
382 637 491 713 srater
509 638 584 712 eius
601 637 753 738 Rapoto.
780 638 977 714 llerwieus.
1005 637 1195 714 lleinrious
1213 649 1250 714 et
1267 639 1337 714 lra-

216 757 271 820 ter
295 745 371 820 eius
398 746 441 819 de
460 746 667 822 Enoinslors.
695 746 923 843 Hartlrungus
947 757 984 822 et
1001 746 1144 821 Vlrious
1162 747 1208 822 de
1227 747 1335 824 llorn.

107 870 196 928 saro
293 854 423 930 Notum
437 855 475 928 lit
489 855 651 930 omnihus
664 854 797 930 Christi
810 855 969 930 fidelibus
983 856 1075 954 quod
1089 859 1246 953 quedam
1260 883 1335 932 mu·

109 987 139 1027 w.
153 999 187 1037 ,ψ
213 962 279 1036 nn
302 965 440 1038 nomon
458 964 667 1064 wittibirgtt
685 990 774 1040 uxor
793 938 952 1038 ddatrici
970 962 1121 1037 domant
1139 965 1176 1038 in
1196 990 1335 1040 manum

213 1070 330 1146 sratris
355 1074 465 1147 nostri
489 1072 619 1148 domini
645 1071 787 1146 llioheri
813 1081 897 1146 tunc
914 1073 1085 1170 temporis
1111 1073 1336 1148 barrochiani

210 1178 278 1255 duo
299 1182 471 1280 mancipia
488 1179 706 1278 delegauerit
723 1181 931 1269 sanatione,
950 1181 1072 1278 utipse
1084 1191 1170 1279 post
1184 1192 1332 1257 mortem

209 1288 302 1360 suam
328 1314 371 1364 ee
396 1290 499 1389 super
523 1314 635 1363 aram.
666 1287 707 1360 S.
727 1288 838 1381 Mario
858 1289 1051 1388 delegaret.
1085 1288 1191 1378 Quod
1209 1299 1248 1364 et
1264 1279 1333 1389 ipsa

209 1397 359 1471 obeunte
382 1398 510 1472 factm
530 1407 597 1472 est.
628 1395 779 1472 Nomina
797 1397 947 1494 ipsorum
966 1394 1222 1495 mancipiorum
1241 1408 1332 1474 sunt.

207 1501 375 1580 Chdnrat.
390 1504 587 1580 Ghdnrath.
602 1505 765 1599 (Fratres
782 1509 897 1600 sunt.)
916 1505 1040 1581 'sedes
1052 1514 1143 1579 sunt.
1156 1507 1333 1581 Germun·

205 1611 288 1689 dus.
319 1613 488 1691 Livtiovs.
521 1613 741 1709 wolfgerus.
775 1613 1006 1718 Elephsrdus
1030 1613 1228 1688 monachus
1249 1613 1331 1690 llin-

202 1721 349 1820 grimos.
376 1720 578 1797 Drutliebus
595 1720 821 1796 Amelbertus
841 1721 1029 1796 Odalrious
1046 1721 1149 1796 Otto.
1401 1808 1404 1816 ,

121 1840 175 1894 ⁵28
282 1832 463 1907 Sacerdos
476 1829 616 1928 quddam
634 1831 678 1904 de
692 1828 961 1905 Pirehinwartin
973 1826 1173 1929 Ridigerus
1187 1830 1329 1906 nomino

200 1937 313 2014 iturus
331 1939 547 2012 Hierusalem
572 1965 636 2038 pro
664 1939 823 2014 remedio
850 1937 967 2031 anime
994 1937 1051 2031 sup
1071 1949 1328 2038 parentumque

198 2046 338 2122 suornm
356 2047 533 2146 delegauit
551 2049 595 2121 ad
613 2072 710 2122 mm
735 2046 776 2119 S.
796 2046 908 2123 Marie
925 2046 1063 2121 uineam
1083 2071 1189 2146 quam
1208 2047 1328 2123 hebuit

197 2154 232 2228 in
261 2165 381 2231 monto
406 2167 539 2232 nostro.
577 2179 620 2229 ea
644 2158 781 2230 ratione
805 2165 841 2230 vt
864 2154 941 2254 post
967 2153 1139 2229 excessum
1158 2155 1235 2250 uite
1253 2156 1326 2250 sup.

198 2263 302 2338 cedat
319 2263 356 2337 in
373 2263 470 2338 nsum
489 2263 652 2357 poolesie.
689 2264 801 2339 Huius
819 2263 1017 2340 traditionis
1030 2262 1138 2340 telles
1149 2262 1232 2338 sunt
1250 2260 1327 2338 Bri·

197 2371 311 2446 dolsus
325 2372 370 2448 de
388 2370 649 2448 Pirolrinworle.
676 2369 811 2448 Ridols
822 2372 866 2446 de
883 2367 1133 2448 Rikkersdors.
1158 2371 1326 2472 Wolsger

195 2492 466 2582 procurator
484 2483 534 2556 de
553 2491 712 2557 monte.
733 2476 901 2556 Chinrnt.
928 2480 1036 2556 liber.
1063 2478 1228 2580 Pilgrim.

112 2598 171 2651 ooo
276 2589 410 2688 llingim
430 2588 475 2665 do
495 2586 574 2666 soro
597 2591 761 2664 detentus
773 2588 974 2665 infirmitate
988 2588 1154 2686 disposuit
1168 2588 1325 2682 ecclesie

197 2697 334 2772 niueam
353 2709 434 2797 post
452 2711 601 2774 mortem
619 2699 739 2773 uxoris
751 2697 824 2791 sup.
848 2722 953 2797 quam
969 2696 1090 2796 postea
1108 2721 1151 2770 eo
1168 2705 1325 2785 monuo,

197 2806 269 2906 ipsa
287 2807 393 2881 uidua
411 2807 563 2882 Matthilt
580 2807 720 2881 nornine
746 2817 910 2907 prompta
927 2807 1117 2880 uoluntate.
1144 2829 1225 2880 cum
1251 2803 1331 2880 liliis

197 2939 285 3013 quos
304 2941 346 2989 ex
366 2940 408 2990 eo
428 2915 560 2988 hahuit.
588 2915 768 2991 Pertoldo.
794 2913 954 3013 lllngimo
969 2912 1155 3012 Pilgrimo.
1179 2938 1245 3012 pro
1264 2936 1325 2988 ro·

197 3025 314 3099 medio
334 3027 449 3118 anime
468 3022 625 3097 eiusdem
642 3023 791 3122 lllngimi
810 3021 986 3121 delegauit
1004 3022 1049 3095 ed
1067 3046 1178 3095 aram.
1199 3021 1240 3098 S.
1250 3020 1326 3096 Ma·

197 3134 261 3207 rie.
306 3131 417 3210 Huius
450 3132 683 3229 delegationis
709 3131 812 3207 telles
844 3131 1112 3231 subscripsimus.
1157 3128 1325 3206 videlieet

197 3236 354 3317 Chinrat
373 3250 410 3314 et
428 3238 538 3315 frater
551 3239 626 3314 eius
639 3235 837 3340 Ridigorus
851 3240 894 3313 de
908 3239 1149 3338 lleoilsperge.
1176 3235 1325 3338 Gotpolt

197 3348 350 3425 Herwio.
389 3346 544 3446 Ridiger
578 3345 733 3423 Ghinrat
763 3350 979 3448 'l'rugemrn
1020 3346 1165 3421 Riolror.
1206 3346 1325 3444 Rapot

198 3456 361 3556 Wollger
379 3483 501 3533 omnes
520 3458 563 3531 de
582 3465 713 3532 monte.

118 3575 172 3628 5³0
278 3563 408 3640 Notum
426 3568 466 3641 lit
484 3566 645 3642 omnibus
664 3575 736 3639 tam
754 3565 969 3663 presentibus
982 3587 1084 3662 wem
1099 3560 1324 3660 futurisquod

83 3688 190 3782 fppppg
200 3673 338 3771 quidam
352 3674 581 3749 ministerialis
590 3673 689 3749 duoil
698 3672 846 3767 Austrip.
862 3675 905 3747 L.
920 3673 1137 3771 (neapolit)
1153 3670 1324 3747 Allrsrtus

199 3781 340 3858 nomine
358 3781 402 3856 do
420 3782 539 3877 llornp
559 3809 637 3859 eum
655 3782 831 3857 sororibus
843 3776 1323 3878 suisGhinigundiGerdrudi

199 3918 266 3994 pro
293 3890 451 3965 remedio
477 3892 588 3990 patris
608 3891 655 3965 sui
673 3890 821 3976 Alberti.
850 3906 892 3967 11ο
909 3888 1079 3964 beneficia
1098 3890 1132 3962 in
1152 3887 1236 3961 uilla
1254 3911 1322 3984 quo
1372 3917 1380 3938 ·

113 4023 170 4069 uo·
201 3998 825 4098 dieiturGrinanstettendelegauitad
836 4024 943 4073 uram.
960 3998 1000 4071 S.
1010 3997 1122 4072 Mario
1133 3996 1320 4070 omnipon-

114 4120 153 4151 ““·
199 4109 410 4185 tradiotione
428 4118 575 4183 remota.
596 4108 710 4182 Huius
729 4107 783 4181 rei
801 4107 907 4182 telles
917 4132 982 4206 per
999 4105 1104 4181 aurel
1117 4103 1223 4179 tracti
1241 4112 1324 4178 sunt

198 4217 380 4292 subnotati.
408 4217 555 4290 Liutwin
585 4218 628 4291 de
647 4215 891 4291 Anilinesdors.
918 4215 1061 4313 Liupolt
1086 4213 1252 4287 Sindram
1277 4212 1321 4286 ds

198 4325 396 4400 Malosdorf.
429 4325 596 4402 Herwieh
615 4327 659 4399 de
678 4323 1008 4425 Kearnerprunnen.
1038 4320 1257 4397 Haidonrioh
1275 4320 1320 4397 do

197 4434 431 4510 Molmosdors.
447 4433 607 4509 Pertholt
620 4434 665 4508 do
678 4432 978 4534 Heilinginperge.
994 4430 1188 4507 Friderinh.
1205 4429 1318 4528 llvgo.
