3008 5070
324 478 400 556 111
642 476 736 543 COD.
759 478 1044 545 unanimorum!

204 695 210 706 .
318 639 612 740 Nowenburgeoti
627 641 729 743 super
747 643 858 718 altare
872 643 1016 719 tradidit
1028 641 1229 718 Nortwinus
1243 643 1287 717 de
1303 641 1430 725 (1011(-

318 749 403 824 dori
418 751 460 822 ad
479 749 630 826 consum.
649 768 687 830 v.
705 776 938 829 nummorum.
956 752 1067 826 Huius
1085 751 1137 825 rei
1156 750 1259 827 testes
1273 750 1431 826 tantori-

258 896 265 946 ·³
316 858 458 932 derious
483 883 562 932 oum
587 858 657 933 filio
677 858 737 935 iuo
757 860 927 962 Phylippo
944 871 981 934 et
998 861 1077 935 uiro
1097 858 1278 933 Walthero
1299 854 1431 935 (16111-

317 966 573 1065 prehtissrouen,
591 968 710 1041 samuii
730 969 879 1062 ecclesie
899 967 1126 1044 Goteioaloos
1145 978 1181 1042 et
1194 966 1384 1043 Rdduioui.

237 1087 290 1143 64³
396 1074 547 1151 Nouerit
568 1076 721 1149 ecclesia
734 1079 826 1173 quod
840 1077 943 1152 uidua
957 1075 1133 1152 Chdnradi
1147 1075 1283 1150 Heilioa
1295 1075 1433 1150 tradidit

200 1182 419 1288 “gf-super
438 1182 550 1257 altaro
572 1185 611 1258 S.
639 1185 748 1258 Mario
772 1186 947 1282 quoddam
969 1184 1129 1283 predium
1155 1179 1434 1282 Leupoldei-

316 1291 423 1366 dors
446 1293 554 1366 titum.
581 1292 692 1367 Huius
706 1292 874 1368 reitestei‘
882 1294 970 1367 dunt.
989 1292 1116 1366 dubart
1128 1290 1434 1367 deTribaneiwin-

315 1399 405 1474 ohel.
429 1400 867 1499 HenriousetLeupoidus
882 1399 1093 1476 fratreieiui
1110 1400 1154 1474 de
1179 1401 1215 1474 M
1223 1397 1433 1482 aleistort'.

314 1508 508 1606 Rempreht
522 1509 565 1582 de
578 1502 672 1582 Ruo.
697 1506 906 1587 Adelhertui
917 1511 960 1584 de
981 1511 1004 1584 J
1013 1534 1034 1581 a
1041 1507 1227 1607 gernuei
1240 1507 1305 1583 de.

199 1632 254 1687 ott
266 1631 298 1704 οι
394 1615 624 1693 Notifioamus
639 1618 773 1693 ounotii
784 1614 943 1694 fidelihus
955 1628 1029 1691 tam
1043 1614 1167 1691 sutorii
1178 1643 1282 1715 quam
1296 1614 1434 1714 presen-

314 1725 408 1800 tibus
421 1724 515 1822 quod
529 1725 677 1824 quedam
692 1727 781 1815 anui
791 1727 931 1801 nomine
943 1725 1125 1823 Hiltegunt
1139 1724 1312 1822 quandam
1326 1723 1433 1798 auoii·

314 1831 383 1908 iam
412 1830 552 1908 nomine
566 1833 723 1909 Loukart
746 1835 891 1910 tradidit
915 1834 1017 1930 super
1039 1834 1152 1907 aitare
1174 1831 1217 1906 S.
1238 1831 1350 1906 Mario
1372 1854 1432 1932 pro

313 1943 427 2016 censu.
448 1958 484 2022 v.
499 1966 729 2017 nummorum.
755 1942 866 2018 Huius
884 1942 935 2016 rei
950 1942 1056 2016 testes
1065 1949 1145 2014 suut
1159 1940 1342 2031 Fridrious
1356 1965 1433 2015 oum

312 2048 382 2125 tilio
410 2048 581 2150 Phylippo
606 2061 642 2124 et
667 2052 743 2125 uiro
765 2051 949 2126 Walthero
978 2047 1146 2124 aurifices.
1171 2046 1433 2124 Nortwiuusde

312 2157 519 2232 Gokindori.
619 2152 624 2157 ’
1016 2215 1036 2241 ,.

195 2279 284 2334 otoo
306 2347 310 2352 ,
390 2264 522 2342 Noicat
533 2265 714 2364 posteritas
725 2277 760 2342 et
772 2264 913 2368 proferri
925 2264 1169 2363 quelibetetai'.
1188 2262 1430 2363 quodquidam

309 2373 510 2474 Rudigerus
534 2400 611 2449 oum
636 2375 785 2475 coniuge
798 2372 912 2450 'Frdta
933 2382 969 2448 et
990 2372 1061 2449 filio
1077 2372 1268 2448 Wuibruno
1290 2371 1431 2446 tradidit

308 2482 410 2580 super
423 2483 532 2559 altaro
548 2483 588 2556 S.
600 2483 722 2558 Maria.
745 2482 940 2582 prooeuio.
961 2499 997 2561 v.
1022 2507 1241 2555 nummorum
1256 2480 1430 2581 quoddam

309 2591 517 2690 mancipium
539 2592 679 2666 nomine
700 2593 917 2691 Duringgum
938 2615 1018 2665 oum
1041 2598 1121 2666 octo
1135 2588 1226 2662 filiis.
1252 2587 1368 2663 Huius
1382 2588 1431 2662 rui

308 2697 411 2773 testei
429 2709 509 2773 sunt
528 2699 737 2802 sigebertus
760 2700 1014 2800 carpentarius.
1043 2673 1150 2772 duta
1170 2695 1373 2792 (Uriaeas)
1388 2697 1429 2769 de

308 2808 508 2881 Yrmiuelde
533 2807 677 2884 Ernesto
703 2816 739 2884 et
766 2807 1026 2883 Gundrammui
1039 2802 1285 2882 etEkkerioos
1310 2804 1428 2883 iamuii

273 2916 473 3009 aecclesie.
1257 2989 1268 3013 ,Ἰ
1433 2934 1436 2939 ’

192 3037 280 3092 usuc
386 3022 533 3098 Nouerit
553 3023 667 3099 omnis
675 3021 810 3100 Christi
832 3023 983 3119 ecelesia
997 3022 1088 3119 quod
1104 3021 1252 3120 quedam
1267 3020 1376 3095 uidua
1389 3020 1431 3094 de

308 3132 557 3226 Chirohliogen
581 3133 721 3207 nomine
734 3132 882 3234 Uirgine
903 3157 966 3232 pro
989 3130 1093 3205 centu
1106 3130 1256 3227 quinque
1271 3153 1430 3202 nummo·

306 3265 396 3315 rum.
421 3240 563 3315 tradidit
583 3241 732 3338 pueliam
756 3241 894 3315 nomine
908 3237 1094 3314 Heiuuioh.
1122 3237 1234 3311 Huius
1249 3237 1301 3311 rei
1322 3236 1430 3312 toties

307 3357 387 3422 sunt
399 3349 612 3424 Ekkihertus
626 3348 835 3424 Adulbertus
848 3348 1034 3424 Heinrious
1050 3346 1098 3449 *de
1111 3344 1193 3420 uiila
1207 3345 1287 3420 hac.
1315 3344 1430 3441 Prun-

308 3455 381 3531 rioh
397 3456 685 3533 Hartwiosamuii
698 3457 798 3541 huius
813 3455 976 3551 ecclesie.

191 3578 243 3630 ott
316 3609 318 3615 ,
386 3564 514 3640 Nosuat
533 3564 720 3665 posteritas.
750 3575 784 3639 et
808 3565 950 3664 preferri
963 3560 1212 3664 quelibotetai.
1233 3558 1329 3658 quod
1343 3559 1427 3634 Ort-

307 3671 418 3745 liobus
433 3675 477 3746 de
490 3674 625 3774 Aiparn
638 3674 790 3748 manium
805 3674 899 3747 tuum
920 3648 1149 3746 drotsstal
1172 3669 1269 3745 litum
1288 3670 1425 3765 (trodi-

306 3781 428 3870 derr’t).
452 3757 553 3855 idone
568 3782 824 3877 delegationem
845 3781 928 3856 t'eoit
941 3782 1061 3877 Poppo
1073 3780 1117 3855 do
1128 3777 1301 3851 Wioohei.
1315 3773 1428 3850 Huius

304 3890 354 3961 rei
386 3887 490 3962 testes
512 3901 592 3964 sunt
618 3891 720 3990 Hugo
740 3891 783 3965 do
803 3889 956 3985 Maigeo.
985 3887 1146 3962 Wioman
1165 3887 1208 3960 de
1227 3883 1427 3960 Adaihartl'·

304 4023 424 4095 perge.
448 3995 611 4072 Wolssrer
634 4001 678 4072 de
699 3998 866 4074 Winohii.
888 3995 1007 4072 Ortois
1023 3996 1111 4070 filius
1125 3992 1303 4093 Poppouis
1317 3992 1427 4068 Adai-

304 4131 377 4180 ram
396 4105 449 4179 uir
467 4106 636 4205 Hugonis.
1335 4198 1339 4208 Ι

188 4224 276 4279 6480
373 4213 505 4288 Notum
529 4215 569 4287 fit
596 4215 730 4289 conatii
755 4215 912 4290 fidelibus
931 4211 1065 4288 Christi
1091 4212 1184 4308 quod
1203 4208 1358 4309 Enggila
1382 4209 1426 4280 de

304 4322 536 4398 Enoineidori
557 4323 684 4423 dudum
714 4323 972 4423 defunctapor
999 4346 1136 4395 manum
1156 4316 1359 4401 Grannonii
1383 4319 1425 4390 de

305 4432 426 4505 eadem
442 4431 535 4505 uilia.
559 4431 702 4507 tradidit
716 4431 816 4530 iuper
830 4433 939 4507 altare
955 4432 994 4505 S.
1011 4428 1121 4504 Mario
1136 4426 1310 4525 quoddam
1325 4450 1427 4501 man·
