3008 5070
222 492 298 568 116
454 537 457 543 -
577 486 672 552 COD.
694 486 985 553 uenditionem

140 669 192 722 555
298 653 430 729 Netum
444 653 485 726 tit
498 651 560 725 ista
572 653 771 748 legentibus
790 654 883 750 quod
902 623 1151 728 iidalrieus
1170 656 1223 731 de
1242 655 1347 731 Uei·

107 760 438 875 pgpgpgoehinstein
463 760 771 836 ministerialis
786 761 1008 859 Liupnsdi
1026 761 1153 836 ducis
1172 788 1216 837 ex
1235 791 1347 867 nuper

218 872 323 944 dueta
339 895 448 945 uxore
465 870 618 945 nendum
654 870 788 944 hahens
800 868 938 944 liberos.
965 880 1049 969 pest
1068 881 1222 946 mertem
1242 874 1346 947 etiam

218 976 364 1052 fratrum
392 978 543 1054 suorum.
585 1003 676 1052 anne
707 993 1050 1057 M·.c⁰.hxx⁰.vltt⁰.
1082 977 1119 1051 in
1146 981 1347 1056 remedium

217 1085 334 1181 anime
352 1088 422 1180 sue.
451 1085 603 1180 ecclesie
621 1085 908 1186 Niweuhurgenii
927 1086 1090 1186 predium
1109 1089 1206 1185 quod
1225 1089 1347 1166 hebuit

108 1193 597 1290 pepp-Meinhamitdorf
634 1194 760 1269 iuxta
795 1193 1052 1290 Mdrlingin
1090 1220 1156 1294 pro
1197 1197 1345 1273 talentis.

217 1316 321 1381 {dixe
342 1303 508 1377 uendidit.
528 1313 565 1378 et
581 1301 762 1377 uenditum
780 1303 881 1402 super
900 1303 1023 1376 altere.
1051 1305 1092 1377 S.
1113 1304 1230 1398 Murie
1245 1306 1346 1382 'dele-

215 1411 335 1506 gauit„
366 1436 435 1509 qua
465 1411 571 1485 etiam
600 1409 750 1510 pecunia
781 1410 903 1507 predia
934 1410 1055 1485 sratris
1079 1410 1130 1484 sui
1156 1411 1346 1489 Aibertia

215 1518 319 1592 uidua
345 1520 501 1595 eiusdem
519 1518 693 1594 Bertreda
716 1518 877 1593 redemit.
892 1518 1032 1594 Deinde
1050 1519 1085 1592 in
1101 1520 1350 1599 confirmatius

214 1651 294 1701 nem
312 1627 397 1702 sacti
415 1627 574 1725 predium
593 1627 743 1720 ecclesie
762 1627 833 1701 iam
852 1627 1046 1701 uenditum
1080 1636 1117 1700 et
1142 1626 1179 1701 in
1198 1629 1345 1706 salutem

214 1735 307 1809 suem
324 1736 532 1832 suorumque
550 1744 735 1835 parentum
752 1744 790 1809 et
807 1734 1020 1835 posteritatis
1033 1735 1253 1835 delegatum.
1275 1739 1347 1814 Se·

214 1844 327 1919 eundo
346 1870 426 1919 eum
444 1868 553 1918 uxore
571 1845 631 1918 sua
647 1841 1032 1940 HeldgeUalehinstein
1047 1868 1171 1919 eorum
1191 1847 1347 1938 ecelesia

211 1951 372 2050 presente
389 1951 563 2052 preposito
582 1952 781 2026 Wernhero
800 1951 871 2049 sup
883 1977 933 2027 er
951 1952 1184 2048 reliquias
1205 1955 1345 2032 excluse

124 2120 126 2125 .
211 2084 321 2160 prauo
352 2059 493 2160 ingenie
525 2059 715 2159 delegauit.
744 2059 931 2156 Utriusque
953 2071 1081 2163 ⁰aunem
1109 2061 1351 2160 delegationis

211 2166 318 2245 testes
336 2179 429 2244 sunt.
461 2166 626 2243 Geruneh
644 2168 755 2244 frater
772 2168 929 2242 eiusdem
943 2168 1099 2242 Vdnlriei
1117 2169 1162 2243 de
1185 2170 1346 2270 ciges-

78 2372 79 2375 ,
211 2275 272 2352 tis
277 2302 358 2377 per
366 2302 431 2378 ge.
460 2277 649 2354 Wernhnrt
673 2278 717 2352 de
743 2275 956 2352 Rnbinsiein.
983 2277 1109 2351 Aihret
1134 2278 1180 2351 de
1206 2277 1344 2354 Hnrne.

1 2403 5 2410 ·
211 2384 356 2484 Liupelt
379 2386 423 2461 de
448 2383 662 2461 Muleisdors.
690 2387 776 2462 item
801 2384 945 2485 Liupolt
970 2386 1015 2458 de
1044 2384 1345 2464 Modeleuesdors.

148 2491 150 2495 ’
210 2493 399 2570 Heinrieus
426 2503 463 2569 et
481 2494 650 2571 ulbertus
673 2495 717 2570 de
737 2493 941 2568 Svhinhirti.
970 2492 1141 2568 Heinrich
1159 2490 1274 2570 Mitis.
1310 2506 1346 2572 et

210 2600 303 2676 silius
329 2604 402 2678 eius
420 2598 634 2678 Chinrudus.
671 2604 833 2678 Dietmnr
858 2602 971 2676 freter
988 2600 1158 2676 Heinriei.
1196 2603 1348 2680 Aibrieh

209 2709 330 2804 Aerbo
357 2713 400 2787 de
419 2711 665 2787 Uniehinstein.
691 2711 822 2787 Remut
840 2712 884 2786 de
902 2709 1109 2785 Mistilhaeh.
1137 2709 1286 2811 Diepnlt
1304 2713 1350 2788 de

210 2820 376 2895 Wienne.
404 2822 503 2896 Otto.
534 2820 729 2895 Hertwieh.
756 2819 944 2894 Henimnn.
979 2818 1158 2896 Gerunch.
1174 2820 1353 2897 immines

212 2930 360 3024 peelefie
392 2940 528 3020 nostre.
556 2927 643 3004 Pnst
660 2928 727 3003 hee
744 2928 839 3003 idem
857 2928 1017 3026 predium
1036 2928 1073 3000 in
1090 2928 1220 3002 munus
1233 2929 1347 3005 dunis.

210 3040 254 3113 L.
274 3036 434 3113 aduncati
455 3036 578 3109 nostri.
603 3037 754 3132 ecclesie
764 3037 1030 3136 Niumburgenti
1038 3035 1348 3116 tuendumWinne

209 3146 364 3221 tradidit.
386 3144 499 3219 Huius
509 3144 561 3219 rei
575 3144 680 3247 tedes
688 3155 770 3221 sunt
787 3145 894 3244 pres
900 3156 1026 3220 entus
1044 3144 1349 3243 Ratisponeu-

211 3255 271 3329 sis
299 3252 582 3329 Friderieus.
611 3253 795 3329 Vdalrievs
821 3255 865 3328 de
883 3254 1030 3353 Asparn.
1068 3252 1275 3330 Friderieue
1302 3257 1347 3332 de

213 3360 490 3462 Weisgersders.
512 3359 632 3462 (iraph
652 3362 696 3436 de
706 3361 963 3461 Ameinispneh.
986 3362 1096 3437 tilher
1114 3362 1159 3436 de
1170 3359 1346 3449 Chinrin·

215 3471 290 3570 gin.
326 3481 361 3546 et
385 3469 476 3554 silius
501 3471 582 3544 suus
603 3469 833 3546 Hedamarus.
869 3471 1034 3545 Wiehnrt
1060 3472 1104 3546 de
1125 3470 1284 3546 Seueide
1310 3484 1347 3549 et

217 3580 327 3653 freter
344 3579 422 3652 suus
438 3578 653 3655 Chedoldus.
686 3579 851 3654 Albertus
869 3580 914 3655 de
932 3578 1183 3678 Phampstetin.
1195 3580 1346 3656 ⁴irmfrit

218 3688 262 3761 de
283 3685 546 3763 Gnnnnenders.
574 3688 698 3790 Poppe
718 3688 762 3763 de
782 3689 904 3787 (iunge
923 3699 960 3763 et
976 3687 1089 3763 frater
1106 3688 1187 3762 suus
1205 3688 1347 3765 Vdnlri·

219 3820 297 3872 eus.
326 3793 562 3871 Dietrieus
581 3799 631 3873 de
650 3797 937 3872 Lietenstein.
961 3794 1164 3870 delrieus
1178 3797 1223 3873 de
1238 3797 1347 3873 'Fret-

219 3903 454 3982 mannesders.
482 3904 724 3981 Sindrammus
743 3907 787 3980 de
806 3905 1017 3980 Ebersdors.
1049 3906 1189 4005 Repeto
1211 3907 1256 3980 de
1276 3906 1347 3979 Pu·

217 4015 312 4091 tend.
349 4015 434 4088 ono
466 4022 503 4087 et
525 4012 637 4090 frater
665 4015 747 4090 suus
767 4014 962 4090 Adeloldus
993 4014 1037 4090 de
1057 4011 1183 4088 chier.
1226 4015 1346 4090 etalii

216 4121 475 4223 quamplures.
1418 4144 1421 4153 ·

30 4281 34 4290 .
137 4247 190 4300 555
299 4231 449 4321 Quidam
458 4227 653 4329 Reingerus
667 4232 710 4305 de
721 4229 954 4306 Airiehisdors
969 4256 1033 4330 pro
1052 4230 1210 4305 remedie
1231 4230 1345 4324 anime

216 4339 277 4434 sue
311 4340 534 4440 omniumque
562 4351 743 4437 parentum
770 4340 921 4414 suorum.
963 4340 1140 4438 delegauit
1164 4340 1210 4415 ed
1235 4364 1344 4414 nram.

218 4447 260 4523 S.
273 4448 382 4525 liserie
396 4448 533 4527 uineam
550 4447 584 4522 in
600 4459 719 4525 mente
734 4448 864 4525 domini
882 4447 1106 4524 Frideriei
1126 4449 1180 4523 de
1200 4447 1343 4549 Perge
