3008 5070
258 493 309 563 20
612 485 704 549 COD.
729 482 1016 548 TRADI'HONUM

255 651 453 727 Brdnwart.
483 650 629 724 Vinitor.
648 649 780 743 Seruili
805 649 1014 724 condicioni.
1037 649 1070 720 hi
1095 648 1291 723 subduntur
1310 649 1382 724 Pd-

255 761 389 861 grimus
404 770 439 833 et
459 758 622 845 Vridrun‚
646 759 845 833 obeent'unt
864 777 890 836 V
910 758 1129 832 denariorum
1150 757 1225 832 hec.
1248 760 1294 834 fio
1312 760 1380 832 sta-

255 869 356 944 bilita
392 870 480 943 t'ont.
507 867 587 942 utti
616 869 708 943 torte
735 868 827 964 quod
847 868 944 940 Deus
965 866 1161 965 prohibeat,
1191 869 1384 944 canonieus

257 979 365 1067 Ordo,
377 976 594 1075 apostolieu5‚
607 988 642 1050 et
652 977 803 1050 omnium
820 975 1119 1049 excellentissirnus
1134 974 1167 1046 in
1183 975 1288 1050 alium
1302 1004 1390 1055 mue

256 1098 347 1162 tatus
357 1086 477 1160 suerit.
498 1086 540 1158 ad
553 1085 634 1158 not
647 1085 805 1182 posteros
816 1083 1085 1183 propinquiores
1093 1085 1250 1157 redeant.
1268 1086 1381 1161 Huius

255 1195 306 1270 rei
334 1194 441 1269 testes
462 1195 550 1266 sunt.
577 1194 767 1266 Hernit't
787 1204 828 1266 et
848 1192 996 1266 frater
1016 1193 1121 1266 eius.
1147 1192 1389 1270 [dietricus

253 1303 349 1377 filii
368 1301 629 1376 Rabotonit.
650 1303 727 1376 Odo
748 1300 988 1376 etHartwious
1008 1300 1233 1376 Hanrious
1254 1302 1393 1379 titius,

253 1411 432 1486 Haderiei.
455 1411 814 1486 Gebelrardusde
833 1410 1207 1508 Adalgoretdorf.

182 1533 217 1586 tt
280 1548 281 1552 ¹
335 1521 466 1597 Notum
485 1519 525 1592 stt
544 1520 702 1594 omnibus
722 1519 815 1616 quod
835 1518 974 1615 quidam
994 1519 1132 1590 nomino
1148 1520 1332 1596 Gnennelo
1348 1532 1383 1596 et

254 1655 342 1702 uxor
352 1629 426 1703 eius
440 1627 553 1703 duola
567 1639 602 1702 et
617 1626 762 1701 Cdneza
774 1637 810 1700 et
824 1625 995 1700 'Prdtman
1008 1638 1044 1700 et
1055 1627 1221 1702 Hirzman
1237 1639 1273 1702 et
1290 1628 1383 1703 dier·

255 1735 340 1811 mdt.
364 1738 535 1812 dederunt
556 1737 688 1829 Sancto
708 1737 819 1827 Mario
841 1736 1018 1809 dimidium
1044 1736 1208 1809 talentum
1237 1761 1301 1837 pro
1320 1763 1380 1811 re-

254 1844 372 1922 medio
392 1847 505 1939 anime
525 1843 583 1939 tuo
603 1843 907 1943 insuperpollieiti
922 1856 1002 1917 sunt
1021 1870 1059 1917 se
1075 1845 1382 1921 hdedaturosom·

255 1955 312 2028 nia
331 1981 398 2052 quo
412 1954 599 2027 habebant.
620 1954 675 2026 uel
691 1979 758 2051 que
779 1953 970 2027 laborando
988 1978 1192 2051 comparare
1207 1965 1381 2054 poterant,

252 2073 371 2162 preter
388 2061 497 2137 riotui
518 2074 553 2137 et
571 2062 691 2135 uestitu
712 2065 896 2157 (uertitur)
916 2060 1118 2148 neo‘effaria,
1155 2072 1193 2134 ut
1212 2063 1289 2137 diet
1303 2064 1380 2139 obi-

249 2184 304 2247 tus
324 2195 447 2245 eorum
467 2194 548 2244 cum
566 2170 697 2244 ceteris
710 2170 907 2244 nominibus
926 2172 1071 2244 fratrum
1091 2168 1306 2245 afforihatur.

177 2303 212 2352 on
331 2279 462 2353 Notum
474 2279 542 2353 erit
555 2280 749 2374 (Nouerr‘t)
763 2288 831 2351 tam
842 2280 984 2375 present
994 2278 1297 2377 quamsueeeffura
1307 2307 1375 2380 po·

249 2389 391 2463 [toritas.
422 2389 571 2486 qualiter
590 2389 739 2489 Enljluip
767 2388 972 2483 potestatiua
992 2414 1097 2462 manu
1118 2388 1187 2462 duo
1203 2390 1378 2490 mancipia

256 2496 470 2594 delegauerit
496 2498 595 2596 super
624 2500 733 2572 attare
751 2496 861 2589 Beate
892 2495 1002 2588 Mario
1038 2495 1177 2570 nomine
1201 2498 1379 2596 Luitgart.

249 2603 373 2679 Triita.
387 2605 488 2678 huius
508 2607 559 2680 rei
584 2607 690 2681 testes
710 2608 797 2681 sunt.
817 2629 880 2702 por
907 2606 1012 2680 aures
1020 2605 1122 2679 tracti
1143 2605 1281 2681 Gouilo.
1304 2609 1379 2681 En-

243 2713 434 2810 ·gilbreeht.
463 2713 643 2788 Heinrihe.
665 2713 828 2788 Herttrit.
899 2722 902 2729 ’
1022 2727 1024 2732 ’

110 2839 118 2861 ‘
178 2853 213 2905 oo
331 2822 463 2899 Notum
483 2823 523 2897 fit
542 2824 701 2897 omnibus
721 2823 879 2896 fidelibus
908 2823 941 2895 in
963 2822 1104 2898 Christo
1124 2825 1216 2920 quod
1239 2824 1388 2904 Wolt.

246 2933 328 3009 ker
345 2932 367 3005 d
377 2958 397 3005 e
418 2930 569 3004 Suehe
580 2932 601 3003 h
612 2942 683 3005 ant
701 2958 765 3031 pro
782 2931 895 3004 anima
910 2931 1094 3018 Herrandi,
1107 2943 1143 3005 et
1159 2958 1224 3030 pro
1240 2933 1378 3007 anima-

245 3042 311 3116 bus
321 3039 472 3116 omniurn
486 3050 667 3137 parentum
677 3041 813 3114 suorum
833 3066 938 3114 unum
955 3039 1145 3114 manerium
1160 3042 1335 3115 seuWel
1346 3041 1380 3114 f·

246 3151 269 3222 h
282 3176 302 3224 o
313 3151 331 3222 s
338 3149 380 3222 th
392 3148 404 3219 i
415 3175 437 3219 n
451 3148 595 3221 tradidit
610 3151 654 3223 ad
668 3151 778 3223 altare
794 3148 926 3243 Sancto
938 3149 1201 3247 Mariouirginis
1212 3148 1376 3247 Nuhing-

246 3257 334 3330 buro
353 3256 560 3356 potestatiua
579 3283 684 3331 manu
710 3270 746 3331 et
766 3283 899 3356 apsque
919 3259 1071 3332 omniurn
1093 3258 1376 3335 contradictione

248 3365 347 3440 ttuios
367 3366 420 3438 rei
439 3365 543 3441 testes
556 3368 644 3441 funt.
664 3365 846 3440 Ludiwihe
860 3366 1054 3440 Chuonrat.

177 3496 211 3545 or
329 3472 461 3547 Notum
480 3475 520 3549 fit
539 3475 699 3549 omnibus
715 3474 875 3548 fidelibus
894 3475 927 3549 in
953 3476 1096 3550 Christo
1116 3477 1209 3574 quod
1229 3476 1379 3574 quodam

249 3593 408 3656 matrona
434 3584 574 3658 nomine
603 3583 845 3658 Christina
872 3585 924 3658 do
944 3584 1291 3658 Preitenuelde
1312 3611 1375 3683 pro

248 3690 364 3765 anima
384 3691 507 3764 matris
518 3693 576 3787 fue
597 3704 632 3767 et
651 3719 714 3792 pro
735 3693 916 3767 animabus
932 3694 1084 3768 omnium
1098 3703 1282 3791 parentum
1297 3693 1379 3769 t'uo·

249 3826 326 3873 narn
341 3797 515 3899 quandam
530 3801 692 3876 ancillam
702 3802 796 3876 suam
816 3800 955 3876 nornine
973 3803 1163 3877 Werherat
1177 3801 1319 3875 tradidit
1335 3804 1379 3876 ad

250 3910 360 3983 altare
381 3907 505 3981 Sancti
526 3909 619 3982 Petri
640 3912 684 3983 ad
703 3911 884 3986 Niunbure
897 3911 1102 4010 potestatiua
1121 3936 1224 3983 manu
1243 3921 1278 3984 et
1298 3913 1381 3984 abs-

250 4044 316 4113 que
346 4016 498 4092 omnium
527 4020 807 4094 contradictione
837 4046 880 4093 ea
906 4019 1105 4094 conditione
1137 4029 1176 4092 ut
1204 4019 1379 4116 persoluat

249 4128 396 4224 quinque
418 4127 583 4200 denarios
593 4127 883 4224 linguliswnnir)
899 4131 942 4202 ad
962 4129 1055 4203 idem
1072 4126 1304 4227 supradictum
1324 4130 1378 4202 al-

249 4248 324 4309 tare
353 4247 387 4308 et
415 4235 527 4309 libera
546 4235 586 4309 tit
606 4237 647 4308 ah
668 4238 759 4310 onrni
779 4236 893 4310 seruili
913 4263 1032 4334 opere.
1061 4238 1173 4311 Huius
1198 4237 1250 4310 rei
1279 4237 1385 4310 tedet

248 4345 335 4417 sont.
348 4342 489 4440 Egiiols.
503 4344 723 4441 Engilhreht.
735 4345 932 4420 Trulitiiob.
943 4347 1079 4447 Poppo.
1095 4348 1263 4420 Hauuart.
1281 4349 1380 4420 Gun-

249 4452 333 4527 dott.
357 4452 493 4526 'l'ienro
515 4452 674 4550 Luitpolt
703 4454 805 4529 etalii
827 4481 927 4553 quarn
949 4457 1073 4554 piures.
