3008 5070
139 428 142 436 Ι
264 437 265 440 ¹
294 487 373 577 2⁰2
638 487 729 567 t'oo.
753 492 1047 564 'l'llltlll'l'lolllUbl

292 663 428 729 etorum
447 653 583 730 suorum
600 656 769 733 consensu
787 670 823 737 et
841 658 971 740 attento
996 661 1113 736 uxoris
1140 659 1199 736 sue
1228 661 1413 740 mediante.

291 761 368 863 pob
382 761 490 859 ipsius
504 763 781 865 emigrationem.
798 769 999 846 benefitium
1019 795 1123 844 unum
1134 769 1169 842 in
1186 770 1332 870 Peugen
1356 799 1414 848 ec-

293 869 533 946 clesianostre
551 874 700 949 contulit
711 876 904 952 liberaliter
919 886 956 951 et
976 886 1147 979 perpetuo
1162 879 1415 978 possidendum.

291 977 347 1053 Ne
372 990 489 1053 autem
508 980 703 1080 promissum
723 984 872 1081 partium
893 994 1117 1085 utrarumque
1132 987 1168 1060 in
1187 986 1415 1064 suturumali·

291 1088 370 1184 quis
383 1086 500 1163 ualeat
524 1090 747 1167 adnichilare.
767 1093 869 1192 sigilli
887 1094 999 1169 nostri
1008 1106 1043 1170 et
1058 1093 1284 1169 dictidomini
1294 1096 1417 1171 Chun-

291 1196 379 1270 radi.
407 1195 596 1272 munimine
614 1201 807 1299 presentem
822 1202 986 1305 paginam
996 1201 1155 1278 dux-imus
1165 1204 1415 1280 roborandam.

806 1343 901 1418 XIX.

291 1461 428 1518 lleinrich
450 1463 565 1518 Psarrer
576 1479 613 1518 zu
626 1464 1009 1521 Tnautmanstorsvermacht
1028 1467 1088 1521 dem
1107 1467 1193 1523 stine
1211 1467 1296 1524 einen
1317 1466 1416 1523 Wein·

290 1555 399 1622 garten,
424 1555 495 1609 doeb
521 1553 576 1606 soll
589 1554 685 1607 selber
703 1557 764 1608 erat
777 1556 847 1609 nach
866 1557 961 1611 coines
978 1555 1104 1610 Bruders
1123 1557 1203 1612 'rode
1218 1543 1259 1616 ‘an
1284 1556 1416 1613 duselbe

291 1645 447 1716 petengem
463 1646 569 1700 Probat
582 1643 760 1714 Conradgibt
771 1645 874 1704 diesem
887 1646 986 1700 Manna
999 1647 1051 1700 den
1063 1647 1251 1716 weingarten
1261 1663 1306 1700 um
1319 1650 1416 1704 lb'l'a·

481 1736 557 1791 lente
577 1751 614 1788 zu
628 1736 740 1789 hausen.
760 1734 839 1790 Obne
853 1733 1236 1806 Orto-undJahresangabe.

371 1846 502 1923 Notum
521 1847 559 1921 lit
585 1855 655 1921 tam
675 1847 893 1946 presentibus
918 1873 1021 1948 quam
1040 1845 1181 1922 suturis.
1205 1848 1301 1947 quod
1326 1848 1416 1948 ple·

292 1956 432 2032 banus
459 1956 510 2029 de
538 1951 891 2031 'l'rritmansdors
910 1955 1090 2032 nomine
1115 1955 1348 2031 llenricus
1379 1957 1414 2032 in

291 2065 385 2140 lecto
412 2063 616 2162 egritudinis
634 2063 763 2163 politus
786 2064 959 2161 quandam
985 2065 1124 2139 uincam
1150 2066 1195 2139 ob
1221 2066 1416 2141 remedium

292 2173 407 2246 anime
433 2170 504 2246 sue.
531 2171 683 2246 ecclesie
707 2170 978 2270 Niumburgensi
1005 2171 1178 2272 disposuit.
1211 2172 1279 2249 bae
1298 2183 1417 2249 tamen

291 2279 493 2358 conditione
512 2279 677 2381 apposita.
691 2291 732 2355 ut
750 2305 827 2354 eam
845 2278 955 2356 frater
974 2280 1051 2356 suus
1078 2280 1233 2357 Vlricus.
1254 2282 1417 2382 agnomi-

291 2399 394 2463 natus
412 2388 526 2484 niger.
554 2387 718 2485 quamdiu
746 2390 884 2463 uiueret
902 2389 1102 2489 possideret.
1128 2389 1187 2464 sed
1217 2387 1331 2465 fratre
1356 2391 1418 2465 do-

291 2495 413 2572 suncto
440 2496 535 2573 dicta
561 2496 667 2573 uinea
684 2522 765 2572 cum
783 2495 955 2572 fructibus
973 2497 1054 2572 suis.
1082 2498 1127 2573 ad
1152 2496 1327 2597 prefatam
1357 2522 1416 2575 ee-

291 2603 436 2680 clesiam
454 2602 647 2689 deueniret.
677 2604 832 2680 Plebano
857 2616 973 2681 autem
990 2604 1048 2704 pie
1065 2602 1235 2688 memorie
1250 2605 1417 2683 defuncto

291 2712 393 2812 petiit
418 2713 579 2788 dominus
602 2713 742 2789 Vlricus
765 2711 878 2788 frater
907 2715 998 2789 suus.
1018 2723 1058 2788 ut
1085 2713 1256 2817 prolatam
1278 2713 1415 2790 uideam

291 2821 353 2896 fibi
371 2822 545 2897 redimere
563 2822 839 2897 concederemus
852 2821 928 2896 iure
942 2823 1179 2925 proprietatis.
1197 2821 1280 2922 Ego
1299 2833 1415 2899 autem

292 2930 500 3007 Chunradus
509 2928 801 3028 Niumburgensis
816 2930 967 3006 ecclesie
981 2932 1194 3032 prepositus.
1214 2954 1296 3015 cum
1308 2933 1416 3008 totius

291 3039 431 3139 capituli
446 3037 622 3113 consensu.
636 3039 850 3136 sepedictam
865 3039 1015 3114 uincam.
1033 3039 1153 3115 Vlrieo
1180 3040 1413 3116 uendidimus.

290 3146 351 3222 tibi
381 3157 418 3221 et
443 3146 631 3220 heredibus
654 3144 725 3220 suis
750 3156 786 3221 et
810 3150 904 3223 omni
930 3148 1119 3248 posteritati
1144 3149 1215 3223 suo.
1243 3159 1414 3249 perpetuo

290 3256 489 3356 poffidenda
507 3253 581 3330 iure
596 3254 832 3356 proprietatis.
858 3256 1088 3334 Vendidimus
1107 3267 1223 3332 autem
1256 3282 1336 3332 eam
1356 3256 1415 3330 fibi

290 3390 354 3467 pro
374 3363 498 3440 decem
516 3362 670 3438 talentis.
697 3361 752 3437 Ne
777 3374 894 3439 autem
918 3364 1000 3440 buic
1026 3365 1231 3446 venditioni.
1255 3363 1415 3464 procelle

290 3473 459 3571 temporis
478 3472 579 3572 pellit
593 3470 787 3571 calumpnia
805 3471 962 3548 suboriri.
977 3473 1124 3548 lecimus
1139 3473 1297 3550 adbiberi
1312 3473 1415 3549 testes

291 3581 618 3682 ydoneos-quorum
638 3579 776 3655 nomina
794 3579 868 3655 sunt
881 3581 960 3657 bec.
990 3585 1073 3658 Otto
1084 3580 1249 3680 magister
1263 3581 1412 3658 cellarii.

290 3687 1034 3790 Duringusvenator.Ditricusfilius0ttonis
1044 3689 1415 3789 magistricellariiWi·

292 3799 379 3873 linto
390 3798 433 3872 de
448 3798 666 3873 sanctoloco.
681 3793 880 3873 Ridwinus.
897 3798 1001 3899 Hugo
1022 3799 1190 3896 clauiger.
1207 3798 1413 3898 Hertingus.

291 3906 457 3983 lleinricb
468 3905 623 3982 Prentel.
637 3905 833 3983 Hertwicus
850 3908 959 3983 frater
973 3908 1050 3982 suus
1060 3907 1161 3983 etalii
1171 3907 1413 4007 quamplures.

811 4035 890 4108 XX.

292 4155 427 4209 llerthold
447 4170 502 4207 ven
528 4150 673 4206 Nuesdors
695 4157 837 4209 vermacht
860 4155 919 4210 dem
947 4156 1033 4210 Stistc
1051 4171 1103 4211 vor
1121 4157 1218 4209 seiner
1235 4155 1324 4209 Reice
1343 4154 1413 4208 naeb

362 4241 624 4315 Compostellavier
637 4243 831 4312 Weingairten.
851 4247 930 4301 Obne
949 4246 1096 4300 Oeta-und
1115 4244 1341 4313 erermgsbe.

370 4341 406 4412 ln
425 4339 565 4415 nomine
584 4338 693 4436 patris
713 4350 747 4414 et
767 4339 827 4413 srlii
846 4348 882 4416 et
912 4338 1049 4440 spiritus
1076 4340 1195 4414 sancti.
1224 4341 1356 4416 Notum
1375 4339 1415 4413 tit

292 4447 451 4525 omnibus
477 4461 548 4526 tam
567 4448 781 4552 presentibus
801 4474 903 4550 quam
924 4451 1062 4527 suturis.
1085 4450 1177 4549 quod
1201 4449 1414 4526 Perbtoldus
