3008 5070
267 501 345 579 180
458 553 462 563 .
631 497 1026 563 COD.TRAD1T10NUM

183 681 236 734 sus
297 708 300 712 ι
342 664 380 736 ln
413 661 640 760 Grinuingan.
673 661 754 737 t'unt·
777 673 926 760 quatuor
956 659 1129 737 beneficia
1166 670 1205 735 et
1238 660 1383 760 quinqua

137 835 144 850 .
263 780 390 847 curtes.
401 769 580 845 Beneficia
597 770 760 845 seruiunt.
779 772 902 846 dacum
920 770 1063 845 solidos.
1083 779 1120 843 et
1139 768 1265 844 decern
1279 768 1385 843 dena-

262 878 347 955 rios.
382 904 426 953 ne
459 878 557 953 dinn.
583 888 620 952 et
637 888 755 953 curtes
773 879 924 957 seruiunt
942 876 1169 976 septuaginta
1187 877 1258 952 sex.
1278 878 1384 952 dena·

262 988 346 1063 rios.
386 1012 429 1063 ne
459 986 555 1061 diust.
589 987 768 1062 Beneficia
787 998 902 1062 autem
921 1011 1000 1061 cum
1021 984 1188 1060 curtibus.
1219 985 1382 1061 seruiunt.

262 1113 422 1177 XXVll²⁶¹¹¹.
450 1094 611 1171 denarios
628 1121 670 1168 nc
690 1095 833 1170 Wiicdc
853 1105 888 1171 et
915 1093 1046 1168 ceteris
1066 1093 1176 1168 tetis.
1203 1093 1241 1167 in
1265 1094 1385 1194 natalj.

261 1206 296 1278 in
322 1206 462 1303 pascha.
495 1204 530 1276 in
555 1201 784 1301 pentecostes.
817 1204 986 1278 Scruiunt
1014 1228 1101 1276 uero
1122 1201 1385 1301 quinquaginta.

260 1328 352 1393 11110‘.
381 1310 558 1388 denarios.
592 1336 635 1386 aa
660 1312 891 1411 Tagewerch.
928 1321 965 1385 et
992 1309 1175 1408 octoginta
1205 1309 1385 1385 denarius.

260 1447 303 1495 aa
322 1418 558 1520 Firgcdinge.
581 1428 701 1517 preter
725 1419 859 1494 curiam
878 1418 1078 1492 Wismtcnis
1102 1419 1218 1514 apud
1247 1419 1386 1493 Sanc-

259 1540 346 1603 tum
378 1527 688 1628 Mychahelem
723 1552 792 1624 que
823 1526 924 1603 soluit
954 1527 1030 1602 tres
1050 1526 1181 1601 solidos
1199 1536 1239 1603 et
1263 1526 1384 1601 decern

260 1637 438 1714 denarios.

179 1760 233 1814 sua
341 1745 464 1820 Sciant
483 1768 604 1819 omnes
622 1753 695 1818 tam
712 1743 892 1843 presentes
911 1768 1015 1841 quam
1029 1742 1137 1817 futuri
1151 1741 1384 1840 quodAlbero

259 1863 295 1928 et
313 1854 477 1928 uxortua
496 1851 590 1926 uina
607 1850 829 1927 uendiderint
847 1853 1018 1948 quandam
1037 1851 1197 1942 vineam,
1214 1849 1384 1926 Heinricu

258 1960 379 2036 Pinter
399 1959 568 2034 consensu
587 1960 718 2035 domini
736 1959 915 2033 Ottunis
935 1960 984 2035 de
1004 1959 1205 2034 Slevnin·
1225 1959 1276 2033 ita
1293 1958 1383 2057 quud

127 2061 128 2064 ¹
259 2069 412 2145 ecclesie
430 2069 533 2142 beate
551 2066 695 2162 virginis
714 2083 780 2146 XX·
801 2067 962 2142 denarius
980 2068 1025 2141 de
1043 2067 1122 2164 ipsa
1138 2066 1241 2140 vinea
1259 2067 1384 2140 reddat

258 2176 295 2251 in
316 2174 398 2249 testu
416 2175 537 2251 Sancti
551 2175 779 2250 Michaehelis
799 2176 900 2248 annis
914 2175 1056 2270 fingnlis
1072 2185 1108 2252 et
1126 2174 1305 2274 persoluat
1322 2199 1383 2274 pru

259 2283 416 2359 remedio
437 2282 628 2357 animarum
647 2283 784 2357 suarum
802 2284 951 2358 ecclesie
970 2294 1090 2358 nostre
1104 2283 1245 2358 censum
1257 2283 1384 2358 deuote

259 2392 452 2466 huiusmodi
488 2391 707 2490 delegantes.
741 2391 1037 2489 Quandocumque
1073 2417 1160 2465 uero
1180 2391 1284 2465 vinea
1302 2415 1385 2488 pre·

260 2499 356 2575 dicta
373 2499 549 2574 uenditur.
567 2500 724 2573 vendens
748 2514 816 2578 XX.
833 2499 1009 2573 denarius.
1036 2509 1072 2574 et
1089 2499 1210 2573 emens
1226 2501 1385 2575 eandam.

237 2615 298 2686 X.
331 2607 508 2682 denarios.
546 2623 667 2683 nostru
699 2606 805 2682 dehet
833 2607 985 2685 ecclesie
1015 2607 1170 2683 fimilitcr
1206 2607 1385 2683 exhihere.

260 2713 382 2790 renes
401 2726 481 2790 sunt
500 2715 660 2789 dominus
689 2713 865 2789 Arnoldus
883 2716 1051 2791 decanus.
1078 2713 1242 2791 dominus
1278 2715 1388 2791 Hein-

260 2822 356 2898 ricus
381 2824 426 2898 de
450 2822 745 2921 Ebcrgassingen.
776 2823 936 2897 dominus
953 2824 1105 2901 ·Vlricus
1131 2824 1176 2898 de
1196 2825 1387 2900 Gnannen·

260 2930 350 3006 dors.
370 2929 531 3005 dominus
549 2930 689 3004 Hetulc.
710 2929 869 3005 dominus
895 2932 1068 3007 Ortolsus.
1107 2931 1273 3008 dominus
1306 2931 1387 3006 0ttu

195 3109 197 3111 ,
261 3040 307 3115 de
323 3040 516 3139 Amsperg.
536 3038 696 3112 dominus
716 3039 800 3112 Otto
828 3039 997 3136 magister
1018 3040 1251 3115 intirmorum.
1272 3040 1388 3116 domi·

261 3172 325 3221 nus
342 3147 499 3222 Ditricus
520 3144 691 3221 officialis.
712 3145 913 3222 Fridericus
934 3146 1045 3222 rusus.
1065 3146 1207 3222 Vlricus
1223 3149 1387 3227 Sneider.

261 3255 456 3355 Liupuldus
473 3254 509 3328 in
528 3252 662 3328 strata
680 3279 889 3352 cucurum
909 3255 1049 3330 Viricus
1067 3256 1214 3330 ibidem.
1234 3257 1389 3331 Herburt

263 3364 404 3438 ibidem.
435 3362 598 3439 Etennar
617 3359 773 3439 Chrelle.
797 3363 1010 3444 ‚Rinhertus
1028 3363 1173 3439 ibidem.
1193 3363 1389 3463 Liupuldus

262 3470 433 3547 notarius.
453 3482 489 3546 et
512 3469 572 3544 alii
589 3495 691 3568 quam
711 3471 829 3571 pluras
846 3473 913 3546 hec
932 3496 996 3570 par
1008 3494 1150 3546 manum
1164 3473 1389 3554 ortumve!-

180 3581 182 3583 ’
263 3578 327 3667 lar,
347 3590 383 3654 et
400 3577 587 3655 camerarii
604 3577 750 3654 fratrum
767 3579 916 3670 suorum,
935 3588 972 3660 ut
990 3581 1207 3656 uoluntatem
1222 3582 1388 3681 optimam

264 3686 398 3784 lingula
415 3687 650 3787 contigerunt.

183 3815 237 3865 sm
343 3795 634 3894 Huguvauniher
654 3794 871 3892 comparauit
888 3794 1175 3893 apudHenricum
1191 3797 1389 3882 deheim,

264 3930 382 3978 aream
400 3929 522 3991 unam,
549 3904 593 3976 ad
611 3903 828 3978 seruiendum
847 3903 969 3992 nobie,
995 3920 1085 3982 11110‘.
1103 3905 1273 3980 denarios
1293 3906 1391 3980 annis

262 4013 401 4109 tingulis
420 4014 465 4086 de
484 4012 620 4085 eadem.

181 4140 233 4192 aar
343 4122 476 4197 Notum
504 4119 544 4192 fit
570 4118 730 4194 omnibus
750 4117 883 4192 Christi
901 4118 1082 4208 fidelibus3
1115 4121 1210 4219 quod
1238 4144 1308 4218 ego
1327 4121 1389 4195 Di·

260 4230 367 4305 tricus
387 4230 432 4303 de
451 4227 724 4317 Zwentendort‚
755 4227 824 4301 emi
843 4253 946 4301 unum
965 4226 1125 4326 predium
1146 4240 1232 4329 aput
1251 4233 1390 4304 Gerun-

259 4364 342 4436 g'um
358 4338 401 4411 da
419 4337 510 4409 Ran
523 4332 749 4430 fntspach,
770 4345 805 4407 et
818 4336 935 4431 lagani
948 4336 1034 4409 illud
1054 4336 1156 4436 super
1172 4364 1271 4411 aram
1289 4339 1390 4412 beate

259 4445 405 4540 uirginis
425 4442 572 4517 subhac
593 4441 707 4516 forma
726 4443 818 4540 quud
847 4469 914 4542 ego
935 4442 1060 4518 debeo.
1101 4463 1138 4547 x,
1168 4447 1338 4521 denarius
1357 4445 1389 4517 in
