3008 5070
270 492 345 570 15⁰
628 488 720 554 cun.
743 486 1033 554 rnsnrnounu

265 652 312 728 ad
329 652 470 729 sensum
487 650 590 727 trium
608 652 830 728 denariorum
847 652 885 726 in
904 647 1181 726 annunciseiune
1201 651 1245 726 S.
1262 650 1380 726 Maris.
1428 733 1431 741 ,

263 761 376 836 Huius
389 762 443 835 rei
456 760 562 836 testes
573 759 760 861 Rudgerus
773 759 1002 835 deMulhuhe.
1017 759 1229 836 Hertwious.
1246 760 1382 837 chutu-

264 868 349 944 hals.
375 869 566 944 Rudwinns
584 869 621 942 iu
637 868 729 944 soro.
756 868 896 944 Vlrieus
913 868 1025 968 niger.
1054 867 1227 943 Rvuolfus
1243 893 1384 966 prunus.

264 977 402 1053 Viricus
425 979 469 1053 de
487 977 685 1052 Widniehe.
718 975 924 1053 Chunrudus
947 977 992 1051 de
1014 975 1212 1052 Wideuihe.
1245 977 1385 1052 Rvdwu

264 1110 342 1160 nus.
362 1086 556 1186 Rudingus.
576 1087 687 1161 Vinee
704 1086 821 1161 iacent
837 1111 906 1160 vus
923 1086 944 1158 f
948 1109 1059 1184 uper
1077 1085 1204 1158 Ekke
1223 1084 1386 1189 alioruin

264 1191 672 1293 Ghnhchegreheu.

182 1313 238 1368 ⁶⁷³
343 1300 518 1378 Noueriut
535 1302 654 1377 cunuti
672 1300 807 1376 christi
821 1300 945 1376 fideles
962 1302 1057 1400 quod
1069 1298 1217 1399 quedam
1227 1301 1386 1377 (iethm-

262 1408 321 1509 gir
341 1409 500 1485 monialis
518 1410 645 1484 obtulit
662 1411 706 1484 ad
725 1410 848 1485 uitare.
873 1410 917 1484 S.
935 1409 1046 1503 Muris
1065 1407 1306 1485 Niwenhureh
1322 1410 1388 1484 tris

261 1517 436 1616 mancipis
452 1518 661 1595 Willihireh.
694 1520 823 1594 Jnnm.
849 1516 1051 1614 Ohuuigunt
1068 1517 1112 1591 nd
1131 1517 1288 1594 censum.
1313 1535 1386 1599 vv.

262 1625 496 1701 denariorum.
528 1626 641 1701 Huius
666 1627 719 1700 rei
736 1624 843 1701 testes
860 1635 943 1700 suut
960 1626 1127 1700 Alhertns
1146 1625 1263 1702 miles.
1292 1627 1387 1702 Her·

263 1758 408 1808 mannus
425 1733 573 1809 Kukerl.
601 1733 808 1810 chunradus
827 1734 1044 1833 hhugeman.
1071 1734 1252 1810 Alhertus.
1276 1734 1388 1809 Huiu-

256 1840 355 1918 rieus
373 1842 575 1944 wigoldus.
653 1902 655 1906 Α

182 1957 236 2017 6ῖὲ
341 1948 475 2025 Notum
492 1951 532 2025 nt
549 1947 682 2026 Christi
698 1949 859 2026 fidelihus
872 1948 1088 2048 presentibus
1103 1959 1141 2026 et
1153 1949 1282 2027 futuris
1295 1951 1388 2052 qued

263 2057 404 2133 domina
435 2057 756 2158 chunigundis
786 2058 839 2133 de
866 2057 1123 2157 Hintpersh
1149 2059 1388 2159 delegauitsh

262 2167 375 2241 altare
393 2166 526 2241 Sancte
543 2165 655 2261 Maris
672 2166 886 2241 Niwnhuruh
913 2167 959 2241 ad
984 2167 1126 2242 censum
1152 2167 1305 2267 quinque
1322 2168 1387 2244 de·

262 2273 439 2349 uariorum
457 2273 673 2350 Hsinrinum.
702 2274 943 2351 Pertholdum.
969 2274 1151 2349 Othonem.
1169 2275 1385 2352 Hndelsuuh.

263 2382 477 2482 Chunigunt.
521 2383 733 2459 Willihireh.
778 2383 965 2460 h'riderun.
1009 2383 1230 2458 Adelhaidim
1272 2383 1384 2461 Kusu.

262 2490 439 2588 (Ruez2)
467 2490 579 2566 Huius
605 2490 659 2567 rei
676 2491 783 2567 testes
800 2503 882 2567 suut
899 2491 1090 2589 Livpuldus
1109 2491 1153 2566 de
1171 2490 1385 2590 Nugeiureu.

260 2598 469 2697 liudegerus
488 2598 533 2673 de
551 2599 727 2676 Mulhuuh.
753 2600 918 2676 Herwich
936 2599 1098 2676 Uornel.
1124 2600 1328 2702 Piligrimus
1344 2600 1385 2676 he

260 2703 483 2783 Willendorf.

180 2827 234 2883 usu
340 2814 515 2891 Noverint
544 2818 663 2893 cuncti
694 2815 828 2891 Christi
864 2813 988 2892 fideles
1018 2817 1112 2916 quud
1147 2816 1309 2892 Alheidiu
1344 2816 1385 2892 de

260 2923 413 3000 ffiennn
431 2924 556 3002 obtulit
574 2925 619 2999 ad
638 2924 750 3001 uitare
775 2925 910 3000 Sancte
929 2924 1039 3019 Maris
1058 2924 1287 3001 Niwnhurch.
1306 2933 1394 3024 pust·

260 3042 410 3108 mortem
429 3033 524 3107 suam
550 3033 597 3107 ud
621 3032 770 3132 quinque
797 3033 1019 3109 denariorum
1043 3034 1185 3108 nenium
1205 3035 1381 3110 Perhham.

259 3141 372 3216 Huius
391 3139 444 3217 rei
461 3140 564 3217 testes
582 3141 864 3243 suntLivpoldus
882 3142 927 3217 de
942 3142 1156 3241 Nugeinren.
1174 3142 1393 3243 liudegerus·

261 3248 509 3326 deMvelhnch.
525 3248 691 3324 Herwieh
709 3249 869 3326 Uurl'kei.
889 3250 1082 3348 Piigrimus
1101 3250 1145 3325 de
1159 3248 1395 3328 Willendurh·

181 3370 235 3424 unu
340 3358 471 3435 Notum
489 3358 531 3433 fit
549 3357 683 3433 christi
700 3358 859 3435 fidelihus
877 3370 951 3433 tum
969 3359 1185 3458 presentibus
1204 3384 1312 3459 quam
1329 3350 1384 3436 iu?

259 3467 350 3542 turis
379 3469 472 3565 quod
489 3466 687 3543 Adniuldus
712 3476 749 3542 et
772 3494 861 3542 uxor
887 3468 961 3544 eius
979 3467 1157 3541 Mathildif
1170 3469 1216 3542 (le
1233 3467 1382 3543 Muhe·

259 3599 385 3650 ruwe
416 3576 668 3676 delegauerunt
693 3576 739 3649 ad
765 3576 876 3651 altare
903 3578 943 3651 S.
963 3577 1074 3651 Murio
1099 3572 1317 3653 Niwnhirrch
1341 3575 1383 3650 uh

259 3683 400 3759 censum
417 3685 520 3759 trium
539 3683 762 3760 denariorum
772 3685 908 3758 Gerlint
926 3694 962 3760 et
975 3685 1148 3759 Alheidim
1167 3683 1276 3759 filium
1290 3685 1384 3761 eius·

258 3792 351 3867 dem.
371 3791 482 3865 Huius
493 3794 546 3866 rei
559 3792 663 3868 testes
677 3791 885 3868 Wuliherus
899 3792 933 3866 in
947 3793 1036 3868 soro.
1057 3793 1263 3892 Rvdegerus
1274 3792 1384 3870 Puhi·

257 3902 337 3976 hart
356 3900 561 3997 Diepoidus.
593 3901 819 3975 Eberhardus
845 3903 1073 3976 numerarius.
1107 3911 1143 3976 et
1170 3901 1284 3975 frater
1309 3903 1382 3977 eius

258 4009 466 4085 chunradus
475 4011 665 4107 Trugmnn.
678 4011 865 4106 Pilgrimus
881 4009 1034 4110 pellifex.
1049 4011 1256 4085 Herhordus
1272 4009 1379 4086 suber.

178 4133 231 4183 ⁰⁷⁷
337 4120 467 4194 Netum
494 4119 535 4192 fit
562 4118 694 4193 Christi
722 4119 882 4193 fidelihus
909 4119 1162 4218 quodquidam
1182 4119 1381 4194 Frideriuus

221 4262 222 4265 ¹
257 4228 397 4302 {radidit
414 4228 576 4329 seipsum
595 4227 724 4326 putenti
740 4254 842 4301 manu
862 4228 1019 4302 etlilium
1037 4229 1131 4301 suurn
1152 4227 1320 4323 Elipetim
1339 4228 1381 4302 ud

257 4361 352 4409 nram
371 4338 411 4410 S.
431 4336 541 4411 hinrie
560 4336 606 4410 ad
626 4337 764 4410 senium
780 4336 930 4434 quinque
947 4336 1183 4411 denariorum.
1203 4336 1316 4411 Huius
1330 4335 1381 4410 rei

259 4443 363 4518 testes
381 4457 463 4522 sunt
481 4446 668 4544 Pilgrimus
689 4439 732 4520 de
753 4446 1006 4545 Wiiiendnrph.
1030 4444 1198 4520 Riwinus.
1218 4444 1379 4520 Wihnto.
