3008 5070
214 472 266 549 aa
445 417 451 493 ;
580 469 971 542 uou.raannrunun
1119 479 1157 546 ῃ

214 643 259 720 ad
277 637 456 720 cenlumv
476 636 711 712 denariorum.
732 637 846 714 Huius
863 638 917 714 rei
934 637 1037 714 testes
1063 650 1144 716 sunt
1162 638 1343 719 Willilrel-

214 776 293 827 mus
312 743 549 825 Camerarius.
569 745 782 848 Piligrimus.
798 746 986 825 Helmuich
1003 747 1207 849 Leupuldus
1226 752 1343 829 etalii

261 883 317 934 am
354 856 462 930 lares.

117 885 259 1028 ³¹⁷⁰qu
291 883 421 1042 thum
440 963 478 1036 lit
493 959 865 1039 omniChristianitati.
886 963 990 1054 Quod
1004 965 1143 1066 quidam
1152 965 1344 1068 Pilgrimus

111 1132 114 1137 ,
213 1087 251 1151 et
267 1100 354 1150 uxor
372 1073 449 1145 eius
468 1067 657 1146 Gerdriith.
676 1070 849 1147 Dederint
867 1097 974 1173 super
987 1073 1099 1150 altare
1115 1074 1247 1152 Sancte
1262 1077 1341 1152 Ma·

212 1184 277 1278 rie.
307 1175 484 1257 Hademiit
502 1187 538 1254 et
564 1178 672 1253 lilium
700 1181 775 1256 eius
793 1180 1036 1256 Eberhardum
1055 1207 1135 1257 cum
1155 1185 1250 1258 omni
1272 1211 1342 1287 pe-

214 1291 366 1367 danitae
399 1287 458 1362 lua
489 1287 533 1362 ad
562 1286 702 1362 ceulam
715 1304 754 1367 v.
786 1287 1018 1365 denariorum.
1038 1290 1150 1387 Huius
1169 1291 1223 1367 rei
1240 1293 1345 1388 adet

214 1410 305 1476 sunt,
326 1396 546 1472 Wilhalmus.
566 1395 765 1494 Pilgrimus.
794 1399 890 1473 Otto.

143 1513 197 1568 aaa
293 1506 426 1583 Notum
450 1504 491 1577 ut
526 1502 662 1578 cunctil
685 1503 816 1579 Christi
846 1505 1018 1581 fidelihus.
1057 1504 1161 1595 Quod
1189 1507 1340 1606 quedam

213 1614 382 1691 nubilil
396 1611 570 1689 domina
588 1611 641 1686 de
659 1612 1100 1713 AlparnMahthildil
1112 1616 1340 1719 numine.pru

213 1725 371 1800 remedio
401 1724 517 1796 anime
548 1719 610 1793 lilii
636 1719 685 1793 lui
716 1717 890 1800 Riderici.
924 1721 1070 1797 tradidit
1096 1722 1199 1822 lupar
1229 1725 1342 1802 altare

213 1832 346 1908 Sancte
364 1831 476 1924 Μανίᾳ
495 1825 740 1904 Niwenburch.
760 1829 846 1906 dual
854 1829 983 1906 uineal'.
1002 1830 1179 1907 Medelich
1202 1834 1340 1932 pulital.

214 1949 251 2046 et
263 1943 333 2017 dau
351 1939 492 2017 alludia.
508 1935 788 2013 Witricheldurf.
803 1940 925 2038 polita.
940 1938 1050 2014 Huius
1062 1938 1115 2016 rei
1132 1941 1238 2017 teter
1249 1943 1339 2018 lunt.

215 2049 337 2126 Vlrich
368 2045 531 2148 proprius
556 2044 643 2123 eius.
674 2045 855 2122 Heinrich.
882 2047 973 2121 lilius
1004 2047 1092 2122 eius.
1125 2048 1266 2150 Livpult
1296 2051 1341 2127 de

215 2158 347 2234 Monte.
373 2152 516 2231 Rdtult.
547 2152 666 2229 Toler.
700 2155 823 2232 Hecel.
854 2155 1033 2231 Wilhalm.
1062 2156 1275 2235 Perhtuldus
1306 2169 1342 2236 ct

213 2268 274 2344 alii
311 2266 418 2338 lures.

118 2376 204 2433 ³¹⁹⁰
288 2292 449 2449 pNotum
473 2371 514 2445 fit
534 2368 630 2446 omni
652 2369 918 2446 christianitati.
950 2371 1052 2462 Quod
1077 2373 1219 2450 domina
1242 2374 1342 2451 Had-

212 2490 288 2559 mut
303 2482 347 2557 de
366 2480 550 2556 Widenieh
570 2504 633 2577 pro
653 2480 810 2555 remedie
839 2480 954 2575 anime
972 2482 1033 2576 lue
1064 2483 1212 2558 tradidit
1235 2483 1339 2583 luper

213 2592 325 2665 altare
346 2591 477 2665 Sancte
491 2588 602 2663 lllarie
622 2589 749 2662 curtim
767 2589 954 2666 Widenich
969 2590 1077 2665 litam.
1106 2599 1142 2665 et
1156 2592 1225 2668 duo
1238 2616 1339 2667 mau-

199 2699 305 2799 ›cipia
323 2698 381 2772 lua
407 2701 525 2774 Juten.
545 2706 580 2770 et
600 2697 791 2771 deroldum
816 2697 924 2773 filium
945 2698 1032 2778 eius.
1061 2723 1141 2774 eum
1160 2699 1255 2776 omni
1274 2724 1339 2776 sua
1362 2789 1367 2803 Ι

211 2807 420 2907 posteritate
448 2807 520 2879 lua
553 2806 812 2911 (aupmfluum)
841 2832 885 2881 aa
907 2807 1120 2884 conditione.
1150 2817 1188 2881 ut
1217 2808 1243 2884 ll
1266 2808 1341 2885 trel

211 2915 321 2992 annul
330 2914 589 3016 supersederint,
609 2911 775 3012 deinceps
786 2914 873 2989 lerui
900 2915 1051 3010 ecclesie
1071 2917 1145 2991 fiat.
1161 2916 1274 2991 Huius
1286 2917 1339 2992 rei

210 3023 314 3100 tellel
326 3025 413 3098 lunt.
430 3021 594 3095 Wellher
608 3021 652 3094 de
671 3023 777 3098 Fure.
797 3023 885 3100 Item
905 3023 1108 3100 Wolllrerus
1132 3023 1331 3102 filiuseius.
1377 3057 1379 3062 ·

210 3134 353 3209 Heruic.
368 3133 488 3231 Ilugo.
507 3129 630 3203 Hecel.

118 3242 204 3299 ³2⁰⁰
293 3240 475 3330 Notumllt
491 3236 855 3314 omniOhrillianitati.
881 3238 981 3332 Quod
1007 3240 1155 3339 quedam
1171 3235 1334 3317 bichar-

212 3349 265 3425 dis
279 3349 375 3424 dedit
392 3347 552 3422 ancillam
563 3345 655 3420 luam
664 3347 900 3446 Mergardam.
917 3351 961 3424 ad
981 3350 1094 3424 altare
1109 3351 1243 3444 Sancte
1254 3351 1334 3424 Ma-

210 3458 263 3552 rie
284 3457 329 3531 ad
347 3458 483 3531 censum
491 3473 528 3534 v.
544 3456 779 3532 denariorum.
795 3458 906 3531 Huius
917 3458 968 3532 rei
982 3457 1086 3531 testes
1100 3458 1177 3533 lunt
1189 3458 1336 3560 Livpul-

211 3569 276 3642 dus
294 3565 431 3659 longus.
453 3564 638 3640 Ortwinul.
664 3562 819 3639 fordare.
848 3565 1094 3640 ldeinwardus.

139 3686 190 3739 ³21
290 3673 420 3746 Notum
444 3672 485 3746 llt
510 3673 671 3748 omnihus
691 3672 817 3748 Christi
835 3672 994 3749 fidelibus
1013 3675 1108 3773 quud
1125 3673 1339 3751 Adelbertns

217 3785 260 3858 de
278 3783 399 3855 Hurne
419 3804 482 3877 pru
502 3781 657 3856 remedio
678 3780 795 3855 anime
813 3782 1014 3857 Adelheidil'
1022 3782 1140 3857 uxuril'
1153 3783 1212 3858 lue
1225 3781 1338 3858 tradi·

209 3892 260 3967 dit
277 3892 322 3966 ad
350 3888 459 3964 altare
478 3889 610 3963 Sancte
630 3889 740 3963 Maria
755 3890 823 3964 duo
842 3890 1012 3966 beneficia
1032 3889 1249 3989 Grincingen
1263 3893 1337 3966 lita.

208 4002 288 4075 Huc
304 3997 484 4072 testantur.
509 3994 678 4071 Ratuldus
695 3995 806 4072 frater
832 3998 917 4074 eius.
943 4000 1120 4074 Witoldus
1148 4001 1192 4074 de
1212 3999 1338 4075 Wide·

209 4109 303 4183 nich.
321 4105 519 4180 Prunricul'.
541 4105 623 4179 Otto
643 4106 687 4180 de
701 4105 873 4183 Nundorf.
895 4108 1088 4182 Wernhart
1107 4107 1151 4182 de
1171 4106 1338 4184 Grincin-

211 4243 290 4318 gen.
311 4211 502 4289 Rddwinul
514 4212 621 4288 coeul
631 4215 737 4288 duell.

138 4319 191 4372 ³²²
291 4323 377 4400 ltem
405 4322 594 4398 notandum
625 4323 875 4419 quodquidam
896 4325 1110 4423 sigehardus
1139 4323 1184 4399 de
1204 4324 1336 4400 Huler·

207 4430 364 4507 brunnen
383 4430 559 4531 delegauit
573 4431 607 4518 in
623 4456 761 4506 manum
782 4433 921 4509 Ottenil
938 4434 981 4508 de
1001 4434 1123 4509 eadem
1137 4432 1231 4508 uilla.
1251 4455 1336 4531 pre·
